3144 4720
67 281 202 350 -417·
411 265 638 332 nnnousu.
662 266 831 331 nvnun.
857 266 923 329 1x.
941 265 1076 328 uma.
1249 261 1315 327 εις

214 427 245 505 δ
265 426 311 506 ἄν
336 459 391 510 τις
417 428 475 508 ε’πὶ
502 431 644 530 σχολῆς
671 427 775 528 εὕροι,
799 426 857 504 καὶ
884 420 948 506 τάς
976 417 1106 503 λοιπάς
1133 415 1316 517 ἐκπεριιδν

214 551 372 658 γραφείς·
397 553 495 651 ἡμεῖς
514 585 554 653 γε
573 549 645 652 μὴν
662 557 736 634 τοῖς
754 546 944 650 εἰρημένοις
962 543 1196 649 ἀρκεσθέντες·
1213 557 1346 642 μετι-Ι)

212 711 280 777 μεν
296 680 365 779 ἤδη
389 681 448 760 καὶ
469 682 528 759 ἐπὶ
544 677 609 762 τάς
630 673 759 759 λοιπάς
778 673 1008 779 προφητείας.
1049 667 1133 750 ΙΔιὸ
1151 668 1199 748 τά
1216 675 1313 748 οἰκο-

212 802 409 904 νομηθέιπα
426 805 464 884 ἐν
488 801 687 906 ἀνθρώποις
705 797 911 881 ἀκολούθως
930 798 1027 904 αὐτῷ
1055 799 1093 876 ἐκ
1117 801 1191 875 τῶν
1213 794 1316 876 θείων

211 929 447 1033 προρρήσεων
466 925 724 1034 ἀναλεξύμεθα.

251 1201 618 1279 suerranum
648 1196 989 1282 ΑΠΟΔΕΙΞΕΩΣ
1019 1197 1195 1273 ΛΟΓΟΣ
1222 1197 1270 1272 θ.
1323 1192 1428 1274 P·41⁶

191 1385 202 1418 ι
269 1353 322 1429 Tl
346 1347 390 1448 δὴ
412 1351 570 1430 λείπεται
589 1351 645 1429 ἐπὶ
664 1347 812 1445 τούτοις,
832 1347 916 1426 ἀλλ’
935 1343 959 1445 ἢ
975 1351 1051 1428 ταῖς
1070 1343 1316 1447 ὑποσχέσεσιν
1423 1439 1427 1448 .

213 1473 418 1559 ἀκολούθως
436 1478 587 1555 διελθεῖν
609 1473 655 1553 τά
679 1472 953 1572 οἰκονομηθέντα
975 1471 1033 1550 ἐπὶ
1054 1473 1117 1568 τῆς
1135 1471 1310 1572 ε’νανθρω-

212 1597 357 1699 πῆσεως
379 1602 488 1682 αι’ποῦ
513 1599 556 1700 δὴ
581 1607 645 1679 τοῦ
663 1604 759 1679 θεοῦ
778 1596 928 1700 Λόγους
960 1599 1051 1697 Περὶ
1078 1595 1120 1674 οὗ
1148 1594 1194 1675 τά
1220 1628 1311 1697 προ·

211 1727 439 1824 πεπονημένα
475 1729 513 1805 ἐκ
546 1725 639 1806 ὀκτὼ
676 1731 751 1808 τοῖς
782 1721 855 1825 πρὸ
890 1722 1017 1802 τούτου
1051 1716 1315 1823 συγγράμμασι
1323 1745 1429 1816 p.417

212 1851 484 1951 διεληλύθαμεν,
501 1850 583 1931 τοτὲ
603 1849 669 1949 μέν
691 1849 758 1948 τὴν
783 1851 859 1929 κατ’
879 1847 1012 1927 Ιιαύτὸν
1040 1847 1230 1950 θεολογίαν
1257 1851 1313 1926 δι-

211 1978 448 2080 ερευνώμενοι,
474 1976 554 2057 τοτὲ
585 1977 623 2056 δὲ
650 1973 717 2075 τὴν
746 1972 938 2079 ούρανύθεν
969 1980 1017 2058 εἷς
1044 1975 1137 2073 ἡμᾶς
1163 1970 1317 2052 κύθοδον

212 2105 272 2184 καὶ
295 2101 359 2182 τόν
382 2135 421 2182 τε
448 2100 583 2204 τρόπον
607 2103 696 2199 ὁμοῦ
723 2104 782 2181 καὶ
804 2099 872 2201 τὴν
895 2101 1144 2204 προσηγορίαν
1170 2103 1228 2179 καὶ
1252 2097 1316 2178 τὸν

211 2225 342 2330 χρόνον
365 2231 430 2326 τῆς
454 2227 610 2334 ἀφίξεως
633 2229 742 2307 αύτοῦ
766 2225 1075 2325 διασκοπούμενοι.
1125 2223 1202 2304 Ὧν
1220 2227 1338 2304 ἀπο-ε

212 2353 453 2453 δεδειγμένων,
471 2351 592 2455 καιρὸς
618 2353 686 2454 ἤδη
711 2351 758 2431 τὰ
781 2351 873 2433 κατὰ
890 2346 1186 2458 τὴνέπιφοίνειαν
1207 2351 1316 2430 αὐτοῦ

211 2481 379 2576 συνιδεῖν,
396 2479 637 2581 παραστῆσαί
650 2512 689 2559 τε
714 2477 810 2563 ὅπως
831 2481 890 2559 καὶ
912 2478 1048 2558 τούτων
1070 2477 1206 2557 ἕκαστα
1229 2477 1313 2579 παρ’

190 2604 395 2706 ’Ἑβραίοις
418 2603 760 2711 προαναπεφιύνητο.
812 2602 867 2684 Τό
885 2638 929 2705 γε
953 2602 1025 2703 μὴν
1042 2601 1128 2682 ιτῶν
1151 2600 1310 2705 προρρή-

213 2761 310 2807 σεων
344 2725 579 2826 ἀποτέλεσμα
614 2727 673 2808 διὰ
709 2733 773 2828 τῆς
809 2736 882 2808 τῶν
912 2734 1015 2831 ίερῶν
1046 2730 1316 2830 εύαγγελιστῶν

254 2883 309 2943 Ιδι’
323 2885 370 2961 δν]
384 2891 425 2944 διδ
440 2890 504 2945 RS.
519 2897 547 2944 et
560 2890 598 2945 sio
611 2891 710 2963 interp.
808 2886 924 2945 kaurno
937 2890 966 2946 S.
1049 2886 1118 2958 Ῑτῆς
1129 2887 1312 2962 προρρήσεως]

214 2972 268 3022 τᾶν
279 2969 449 3042 προρρήσεων
463 2970 494 3024 Ρ.

213 3094 347 3162 inveniet,
361 3096 386 3153 si
399 3095 521 3171 reliquas
535 3095 604 3154 item
618 3097 772 3172 scripturas
786 3097 972 3172 percurrerit:
994 3116 1048 3154 nos
1069 3105 1163 3154 sutem
1182 3096 1227 3153 his
1246 3101 1314 3154 oon·

215 3175 287 3232 tenti
301 3195 363 3250 que
377 3176 514 3234 hactenus
524 3177 686 3242 dictasunt,
697 3179 758 3253 jam
773 3196 848 3234 nuno
862 3178 983 3252 reliquas
994 3196 1104 3252 quoqne
1115 3178 1316 3252 aggrediamur

214 3255 386 3330 prophetias.
428 3256 525 3324 Quare
539 3277 601 3333 quae
622 3259 727 3315 abillo
748 3258 822 3316 inter
841 3257 971 3314 homines
987 3276 1039 3314 suo
1059 3257 1159 3314 ordine
1178 3266 1245 3315 sunt
1265 3258 1315 3315 ad-

214 3333 373 3394 ministrata
386 3355 422 3394 ex
437 3337 539 3394 divinis
553 3338 673 3396 oraculis
687 3337 864 3412 colligamus.

687 3490 762 3548 LlB.
777 3490 831 3548 IX.

254 3593 337 3651 Nihil
358 3613 426 3652 sane
445 3596 565 3670 posthac
586 3596 724 3670 reliquum
746 3614 808 3652 esse
828 3594 920 3661 viden,
935 3593 990 3650 nisi
1011 3602 1094 3652 ntea
1114 3614 1176 3669 qnae
1197 3594 1315 3670 polliciti

215 3691 313 3730 sumus
342 3684 492 3749 sequentes
525 3695 588 3733 eam
620 3675 837 3751 dispensationis
871 3683 980 3750 purtem
1011 3693 1222 3750 persequamur,
1251 3693 1314 3749 quaa

213 3753 346 3810 hnmanae
360 3774 377 3811 a
391 3755 453 3812 Deo
467 3756 564 3813 Verbo
578 3765 729 3829 assumptae
743 3763 851 3812 naturae
867 3755 980 3830 propria
1000 3762 1053 3812 est.
1096 3755 1160 3824 Qua
1175 3755 1211 3812 de
1224 3773 1256 3812 re
1270 3773 1313 3821 ea,

214 3851 276 3908 quaa
290 3834 480 3908 superioribus
494 3844 560 3893 octo
573 3835 652 3892 libris
666 3836 857 3901 continentur,
873 3835 985 3892 anobis
1000 3843 1120 3892 tractatu
1135 3843 1212 3896 sunt,
1227 3835 1313 3892 modo

214 3932 278 3989 quus
297 3915 335 3970 sd
352 3915 414 3989 ejus
435 3915 477 3972 rei
495 3916 669 3991 theologiam
693 3916 836 3990 pertinent
856 3915 1056 3980 scrutantibus,
1076 3913 1162 3970 modo
1182 3914 1257 3972 illius
1276 3915 1314 3972 ad
1407 3933 1412 3940 ·

214 4011 268 4050 nos
291 3995 327 4052 de
351 3995 423 4052 coelo
446 3996 622 4062 descensum,
645 3996 783 4070 simulque
805 4003 835 4052 et
858 3996 974 4052 modum
997 4002 1026 4051 et
1046 3994 1263 4069 appellationem
1284 4003 1314 4052 et

213 4081 327 4149 tempus
347 4074 421 4131 illius
443 4077 582 4133 adventus
603 4075 825 4150 explorantibus.
866 4074 977 4135 Quibus
998 4075 1200 4132 demonstratis
1219 4075 1313 4142 rebus,

213 4163 327 4228 tempus
344 4155 405 4229 jam
418 4155 503 4212 luerit
516 4174 552 4213 ea
564 4155 758 4231 contemplari,
773 4173 835 4228 quae
855 4171 910 4228 quo
924 4162 1052 4228 tempora
1073 4154 1120 4211 ille
1136 4155 1165 4210 in
1185 4165 1314 4229 apertum

214 4233 320 4308 prodiit
339 4243 422 4308 gesta
440 4245 516 4302 sunt,
532 4235 744 4311 quoquomodo
758 4253 792 4292 ea
805 4233 918 4309 singula
931 4233 1005 4307 apud
1020 4234 1159 4292 Hebraeos
1179 4235 1315 4308 predicta

215 4314 273 4371 sint
286 4315 446 4372 ostendere.
485 4315 673 4374 Orsoulornm
688 4323 784 4372 tamen
798 4314 922 4372 efficacia
935 4314 1093 4389 veritasque
1108 4324 1136 4372 et
1151 4323 1313 4370 sanctorum

704 4429 783 4467 ΒΗ
