3132 4714
73 237 200 302 —331.
455 220 684 286 usuonsr.
709 181 879 286 uvnuof
903 219 1028 285 τιτι.
1250 218 1312 283 661

213 391 339 471 αίῶνος
356 389 493 486 τοῦτον,
512 388 638 473 αὐτοῦς
662 387 748 469 εἶναι
770 386 851 473 τοῦς
874 387 1147 490 ὀνομαζομένους
1166 385 1315 486 δύναμιν

156 542 203 591 107
213 522 430 612 Δαμασκοῦ.
492 513 597 595 Κατόι
615 513 747 596 “eamd
772 513 810 594 δὲ
838 517 895 594 καὶ
914 514 960 595 τὰ
978 517 1096 595 σκῦλα
1116 516 1314 619 Σαμαρείας
1325 550 1355 585 10

212 637 353 738 νοήσεις
385 640 468 726 τοῦς
499 640 571 720 α’πδ
603 649 667 721 τοῦ
694 642 875 720 Ἰουδαίων
900 640 1021 724 ἔθνους
1054 649 1119 720 τοῦ
1148 645 1314 742 Σωτῆρος

211 765 312 864 ἡμῶν
333 766 495 864 μαθητὰς
514 771 572 846 καὶ
590 765 831 864 ἀποστόλους,
850 765 910 851 οὓς
932 763 1057 870 ὥσπερ
1076 770 1114 846 ε’κ
1131 768 1342 865 πολεμίωνῑ)

210 899 283 969 τῶν
311 894 349 973 ἐκ
378 898 569 997 περιτομῆς
600 895 676 972 κατ’
703 894 811 972 αὐτοῦ
842 893 1164 994 στρατευσαμένων
1191 903 1313 974 σκῦλα

212 1021 270 1122 ὑφ’
306 1018 434 1098 ἀὑτὸν
465 1017 593 1114 λαβὼν
619 1020 664 1126 ἐξ
693 1020 852 1102 ἐναντίας
882 1019 1110 1099 ’καθώπλισε
1143 1028 1206 1098 τοῦ
1240 1026 1313 1099 τῶν

211 1145 421 1247 Ἀσσυρίων
438 1145 631 1241 βασιλέως,
650 1147 742 1225 οὕτω
764 1142 877 1225 πόλιν
894 1151 1069 1247 τροπικῶς
1092 1146 1333 1243 δηλονμένονε

156 1278 274 1350 rotroni
299 1270 472 1374 ἄρχοντος
498 1279 562 1350 τοῦ
590 1277 714 1354 αίιῦνος
739 1269 876 1351 τούτου.
933 1273 1035 1350 Ἐπεὶ
1062 1269 1099 1348 δὲ
1122 1272 1157 1350 ri
1177 1273 1312 1352 ἐναντίον

210 1393 387 1490 βασιλίως
418 1399 595 1505 Ἀσσυρίων
628 1396 856 1501 σαφέστερον
888 1397 908 1473 ό
939 1394 1096 1478 Ἀκύλας
1132 1397 1311 1503 ἐξέδωκεν,

210 1521 328 1619 είπόιν,
353 1530 398 1607 εἷς
426 1523 597 1630 πρόσωπον
624 1523 802 1614 βασιλέως
824 1525 1011 1628 Ἀσσυρίων,
1035 1522 1234 1620 ἐπίστησον
1260 1522 1310 1622 μή

209 1681 295 1726 ποτε
323 1647 394 1750 ἄρα
421 1651 480 1727 καὶ
506 1651 543 1726 ἐν
567 1647 704 1731 τούτοις
729 1647 794 1748 τὴν
812 1649 998 1742 Ῥωμαίων
1016 1645 1131 1751 ἀρχὴν
1148 1652 1262 1748 δηλοῖ,
1281 1649 1315 1727 εί

210 1805 252 1873 γε
272 1773 511 1860 κατευθύνοντα
535 1773 558 1874 ἢ
586 1773 844 1880 κατευθυνίμενοι
862 1775 1056 1877 Ἀσσύριοι
1077 1774 1351 1876 μεθερμηνεό-ιο

210 1932 309 1978 ονται
329 1898 420 1979 κατὰ
438 1899 483 1979 τὰ
502 1908 616 2006 μικρῷ
633 1900 795 2003 πρόσθεν
814 1900 1065 2000 ἀποδεδομένα.
1117 1903 1220 1981 Ἐπεὶ
1237 1903 1335 1982 τοί-ο

211 2034 346 2131 νυντῄ
372 2030 454 2128 περὶ
480 2034 544 2105 τοῦ
569 2031 735 2130 Σωτῆρος
763 2028 863 2126 ἡμῶν
890 2026 1087 2130 προρρήσει
1115 2031 1173 2107 καὶ
1201 2035 1264 2108 νῦν
1288 2032 1309 2108 ό

209 2160 282 2232 τῶν
304 2153 516 2254 Ἀσσυρίων
543 2152 816 2252 συμπέπλεκται
843 2151 1029 2250 βασιλεῦς,
1057 2151 1198 2237 εἰκότως
1226 2155 1310 2254 ἡμῖν

208 2282 390 2360 κάνταῦθα
416 2281 439 2380 ἡ
463 2282 648 2379 Ῥωμαίων
672 2281 766 2385 ἀρχὴ
794 2283 1046 2384 παρείληπται,
1066 2282 1124 2362 διὰ
1150 2281 1193 2362 τό
1219 2282 1309 2387 πρὸς

207 2415 269 2485 τοῦ
288 2412 383 2487 θεοῦ
411 2413 459 2491 εἰς
485 2406 551 2505 τὴν
579 2414 650 2486 τῶν
673 2409 784 2487 ἐθνῶν
810 2407 993 2510 ὑποταγὴν
1016 2409 1330 2495 κατενθόνεσθαι.5

153 2565 199 2616 ¹09
208 2525 411 2640 Aidaecdar
432 2541 621 2634 τοιγαροῦν
638 2531 680 2611 τό
698 2532 902 2633 τικτόμενον
919 2535 1060 2615 παιδίον
1077 2534 1143 2634 τὴν
1161 2533 1309 2632 δύναμιν

209 2667 412 2760 Δαμασκοῦ
440 2662 498 2738 καὶ
526 2658 571 2737 rol
599 2668 722 2740 σκῦλα
750 2661 960 2761 Σαμαρείας,
990 2664 1048 2739 καὶ
1077 2659 1307 2762 παραδώσειν

208 2792 255 2870 εἱς
273 2782 472 2888 πρόσωπον
485 2786 696 2888 Ἀσσυρίων
715 2790 774 2866 καὶ
791 2789 829 2866 ἐν
843 2789 1047 2893 ὀφθαλμοῖς
1065 2792 1137 2865 τῶν
1156 2784 1225 2865 ῦπῦ
1243 2794 1307 2865 τοῦ

338 2995 355 3026 ¹²
370 2986 464 3058 τοῦτο]
481 2988 561 3042 τουτδ
577 2988 603 3043 S.
699 2997 714 3029 ¹
728 2990 818 3043 ἑαυτὸν
833 2989 860 3042 S.
943 2996 958 3042 5
971 2987 1125 3055 :addicitque
1141 2986 1172 3041 P.

206 3147 332 3222 potentie
345 3147 546 3206 nominentur:
569 3149 670 3206 eodem
685 3169 769 3207 seusu
783 3151 868 3206 etiem
883 3151 970 3224 spotia
986 3149 1120 3206 δαιμονία
1135 3149 1255 3224 accipies
1270 3149 1305 3206 de

205 3227 325 3285 Juduics
346 3238 433 3304 gente
453 3239 614 3305 assumptos
639 3229 794 3287 Salvatoris
819 3229 908 3286 nostri
929 3230 1081 3305 discipulos
1102 3238 1132 3286 et
1150 3229 1305 3304 apostolos,

206 3327 275 3382 quos
289 3310 369 3383 quusi
383 3309 419 3366 de
433 3309 561 3366 hostibus
576 3311 610 3366 ad
625 3311 867 3368 circumcisionem
882 3311 1083 3384 spectantibus,
1094 3310 1142 3382 qui
1156 3311 1306 3368 adversum

205 3407 235 3444 se
249 3389 440 3456 militaverint,
456 3391 558 3464 praedae
575 3391 665 3447 instar
684 3391 813 3464 sibiipsi
833 3390 993 3463 subjiciens,
1009 3397 1110 3445 contra
1123 3388 1306 3462 Assyriorum

205 3487 301 3543 regem
323 3470 453 3532 armavit,
469 3471 695 3546 quandoquidem
718 3473 759 3527 sic
775 3488 872 3526 rursus
892 3488 942 3542 per
963 3471 1083 3542 figuram
1103 3468 1198 3523 sreculi
1219 3467 1305 3539 hujus

203 3549 334 3624 princeps
348 3551 533 3624 significatur.
577 3553 699 3608 nevero
714 3551 847 3625 quonism
861 3548 931 3606 illud
946 3557 1009 3604 ante
1024 3565 1112 3620 regem
1127 3548 1306 3621 Assyriorum

203 3629 380 3687 manifestius
395 3630 499 3704 Aquila
514 3631 646 3694 reddidit,
662 3631 709 3687 ubi
727 3632 768 3688 sic
789 3630 836 3696 eit,
851 3632 878 3686 in
890 3630 998 3702 sociem
1019 3631 1092 3702 τερα
1106 3628 1302 3701 Assyriorum.-

203 3709 267 3766 vide
281 3728 318 3766 ue
331 3710 406 3767 forte
421 3711 449 3766 iu
463 3712 508 3768 his
522 3711 617 3769 verbis
632 3711 826 3768 Romanorum
840 3710 988 3784 imperium
1003 3707 1153 3783 significet,
1166 3705 1304 3782 siquidem

204 3807 239 3845 ex
253 3789 288 3845 iis
302 3809 364 3865 quse
379 3791 462 3865 poulo
476 3801 543 3849 ante
562 3812 579 3848 a
598 3792 680 3847 uobis
700 3791 829 3865 exposita
847 3800 921 3858 sunt,
936 3789 1046 3866 Assyrii
1060 3806 1191 3845 sermone
1206 3796 1305 3846 nostro

203 3877 233 3926 et
252 3869 300 3944 qui
324 3870 451 3946 dirigunt
475 3873 573 3946 etqui
600 3871 762 3946 diriguntur
785 3871 905 3946 intelligi
930 3871 1040 3928 solent:
1064 3869 1196 3945 quoniam
1217 3868 1306 3944 igitur

203 3951 327 4014 oraculo,
342 3952 419 4025 quod
440 3970 515 4009 nunc
535 3952 571 4008 de
594 3951 742 4009 Salvatore
762 3961 861 4008 nostro
881 3951 1017 4017 redditur,
1039 3951 1123 4008 etiam
1143 3968 1195 4006 rex
1213 3951 1303 4025 Assy·

203 4029 307 4086 riorum
329 4031 483 4108 implicitus
503 4041 556 4096 est,
572 4032 673 4088 merito
687 4032 734 4088 hic
753 4051 863 4106 quoque
878 4032 989 4088 euobis
1004 4032 1199 4088 Romanorum
1213 4030 1303 4104 impe-

202 4109 275 4166 rium
290 4120 437 4186 acceptum
452 4119 506 4177 est,
522 4112 624 4187 quippe
639 4113 715 4187 quod
728 4113 765 4168 ed
783 4111 971 4184 subjiciendas
991 4121 1093 4186 gentes
1116 4111 1152 4167 sb
1166 4110 1228 4185 ipso
1242 4110 1304 4166 Deo

202 4189 350 4266 dirigetur.
393 4192 473 4266 Ergo
494 4193 542 4266 qui
563 4193 687 4249 nascitur
708 4211 777 4266 puer
798 4199 964 4264 accepturus
989 4192 1144 4267 potentiam
1171 4189 1304 4246 Damasci

202 4278 232 4326 et
245 4271 335 4345 spolio
357 4271 492 4328 Semeriae
511 4281 540 4328 et
559 4273 714 4330 traditurus
736 4273 763 4329 in
785 4271 886 4328 faciem
907 4270 1091 4347 Assyriorum
1114 4279 1143 4326 et
1163 4269 1192 4326 iu
1214 4268 1302 4324 oculis
