3130 4722
254 235 318 307 698
702 241 888 307 EUSEBll
1332 255 1495 322 p.349·-

253 409 291 484 ἐκ
311 404 437 486 τούτου
455 403 497 486 τὸ
523 409 681 517 ναζιραῖοι
704 407 816 509 ὄνομα
843 411 1029 509 σημαίνειν
1047 407 1125 506 ἤτοι
1143 406 1185 486 τὸ
1204 405 1310 507 ἴιγιιν,
1330 404 1354 505 ἢ

254 529 317 608 τὸν
348 531 585 638 ἀφωρισμίννν,
610 531 634 633 ἢ
661 533 725 613 τὸν
750 531 891 614 ι’ίθικτον.
950 535 1057 613 Ἀλλ’
1084 536 1117 611 οἱ
1147 530 1212 630 μὲν
1239 528 1386 609 πάλαιά

256 659 354 757 ίερεΐς
391 657 433 733 δι’
465 658 585 737 ἐλαίου
623 665 838 755 σκευαστοῦ,
868 664 933 738 τοῦ
964 657 1065 762 παρὰ
1098 663 1234 737 Μωσεΐ
1264 654 1356 762 ναζέρ

256 779 485 880 καλουμένου,
504 781 693 886 χριόμενοι,
712 783 938 886 παραγώγως
966 783 1038 863 ἀπὸ
1066 788 1129 862 τοῦ
1158 781 1250 890 ναζέρ
1275 784 1356 859 ε’κα-

215 911 385 986 ινλοῦντο
409 909 576 1016 ναζιραῖοι.
625 910 674 988 Ὁ
693 909 730 988 δὲ
749 909 877 1011 Σωτὴρ
895 912 957 987 ’καὶ
984 907 1115 1010 Κύριος
1138 908 1239 1007 ἡμῶν
1264 905 1378 986 κατὰε

255 1032 369 1138 φύσιν
387 1031 479 1136 ἔχων
497 1031 539 1112 τὸ
557 1031 658 1134 ἅγιον
684 1037 741 1114 καὶ
767 1034 808 1113 τὸ
833 1035 980 1114 ἄθικτον
999 1032 1117 1113 καὶτὸ
1142 1031 1351 1138 ἀφωρισμέ-

255 1193 326 1254 νον,
350 1160 390 1238 οὐ
414 1157 577 1256 δεόμενός
603 1157 657 1239 ἱτε
683 1162 883 1264 χρίσματος
911 1161 1145 1263 ἀνθρωπίνου,
1170 1159 1265 1256 ὅμως
1292 1161 1356 1256 τῆς

254 1289 318 1364 τοῦ
344 1286 505 1392 ναζιραίιν
529 1287 774 1388 προσηγορίας
799 1287 882 1388 παρ’
906 1286 1106 1387 ἀνθρώποις
1133 1283 1265 1388 ἔτυχεν,
1292 1286 1356 1363 οὐκ

176 1455 179 1462 ’
255 1409 326 1491 ἀπὸ
345 1417 409 1493 τοῦ
427 1412 646 1513 καλουμένου
661 1411 751 1521 ναζερ
770 1414 891 1492 ἐλαίου
911 1414 1073 1520 ναζιραῖοι
1088 1409 1253 1512 γεγονὼς,
1268 1411 1353 1489 ἀλλ’

254 1533 304 1618 ὢν
322 1539 387 1638 μὲν
405 1543 450 1644 τῇ
469 1539 578 1644 φύσει
604 1546 772 1634 τοιοῦτον,
792 1542 934 1638 κληθεὶς
960 1537 997 1617 δὲ
1023 1541 1081 1617 καὶ
1106 1539 1189 1639 παρ’
1211 1536 1352 1638 ἀνθρώ·
1367 1565 1401 1600 ¹⁰

254 1699 334 1747 ποις
354 1665 543 1767 Ναζιραῖος
561 1663 633 1744 ἀπὸ
658 1667 720 1763 τῆς
740 1663 915 1765 Ναζαρὲθ,
935 1664 1019 1744 ἔνθα
1042 1663 1142 1765 παρὰ
1166 1669 1239 1746 τοῖς
1264 1661 1355 1741 κατὰ

215 1821 247 1872 ⁵0
255 1789 375 1892 σάρκα
393 1795 538 1891 γονεῦσι
560 1789 625 1888 τὴν
643 1793 680 1868 ἐν
702 1793 829 1869 παισὶν
856 1789 1063 1895 ἀνατροφὴν
1081 1789 1226 1894 ἔσχηκε.
1286 1787 1355 1867 Διὸ

254 1912 419 1994 λε’λεκται
442 1914 542 2017 παρὰ
566 1921 618 2021 τῷ
646 1916 835 2021 Ματθαίερ,
855 1913 1096 2022 Χρηματισθείς
1115 1910 1150 1994 li
1171 1918 1248 1994 κατ’
1269 1915 1353 2019 ίναρ,
1363 1945 1396 2007 p.
1407 1941 1428 2007 3
1431 1939 1477 2007 50

253 2043 365 2138 δῆλον
383 2037 420 2119 δὲ
439 2039 492 2119 ὅτι
516 2041 536 2118 ὁ
554 2039 707 2144 Ἰωσὴφ,
726 2040 923 2146 ἀνεχώρησεν
944 2049 989 2123 είς
1006 2037 1052 2118 τα
1069 2037 1146 2144 με’ρη
1164 2037 1222 2131 riis
1242 2055 1351 2118 Γαλι-

253 2169 374 2256 λαίας,
398 2175 456 2246 καὶ
483 2163 580 2246 ἐλθών
609 2163 799 2272 κατῴκησεν
820 2173 864 2249 είς
883 2166 980 2245 πίλιν
1000 2160 1174 2267 λεγομένην
1193 2162 1355 2270 Ναζαρὰ,

253 2289 345 2375 ’ίπως
365 2289 515 2398 πληρωθῇ
534 2292 569 2371 τὶ
596 2289 678 2393 ῥηθὲν
702 2289 760 2370 θνα
778 2289 839 2370 τών
859 2289 1045 2397 προφητῶν,
1065 2289 1112 2366 ’ίτι
1131 2285 1380 2396 1“Νιιζωραῗος5

213 2449 242 2500 ⁵1
256 2414 467 2507 κληθήσεται.
521 2413 622 2495 Ἔδει
655 2414 719 2515 μὲν
752 2414 824 2518 γὰρ
857 2414 964 2494 αι’πὸν
993 2413 1037 2520 ἐξ
1060 2411 1217 2495 ἅπαντας
1246 2412 1355 2518 φύσει

253 2544 310 2619 καὶ
348 2544 498 2648 ἀληθείᾳ
544 2542 719 2644 ναζιραῖον
756 2540 852 2636 ὅντα,
887 2541 982 2619 τοῦτ’
1021 2539 1121 2618 ἔστιν
1157 2537 1259 2638 ἅγιον
1297 2541 1355 2618 καὶ

252 2667 398 2746 ἄθικτον
416 2673 475 2748 καὶ
496 2665 749 2773 ἀφωρισμένον
767 2665 812 2772 ἐξ
828 2663 1027 2768 ἀνθρώπων
1051 2669 1226 2762 κληθῆναι
1244 2663 1356 2767 ταύτῃ

252 2799 297 2897 τῇ
315 2797 552 2900 προσηγορίᾳ·
572 2795 655 2871 ἀλλ’
669 2796 744 2873 ε’πεὶ
761 2791 811 2891 μὴ
830 2795 869 2871 ἐκ
887 2797 950 2870 τοῦ
969 2789 1072 2894 ναζέρ
1088 2793 1209 2869 ε’λαίου
1226 2789 1357 2889 ταύτης

475 2950 492 3024 ι’
507 2952 551 3024 υ]
569 2975 597 3006 τε
613 2953 642 3006 P·
724 2947 740 2991 ¹‘
758 2951 912 3023 Νεῑαναῖυ]
930 2952 1067 3022 vacamus
1082 2951 1112 3005 Ρ·

253 3088 456 3163 Symmachum
471 3095 575 3154 nutem,
592 3091 742 3144 intactum:
765 3089 859 3161 itaque
880 3107 916 3144 ex
938 3087 983 3145 his
1004 3087 1156 3144 naziraeum
1175 3105 1279 3144 nomeu
1294 3086 1352 3160 aig-

253 3167 379 3224 nifieabit
400 3175 449 3224 aut
467 3176 601 3234 οααοιυνι,
618 3177 667 3225 ant
684 3176 864 3241 sepregutuuq
880 3175 928 3224 ant
943 3169 1083 3224 intactum.
1125 3165 1167 3223 At
1182 3186 1248 3224 vero
1270 3167 1353 3241 prisci

254 3247 368 3322 quidem
390 3248 559 3312 sacerdotes,
575 3267 661 3322 quum
682 3248 746 3305 oleo
765 3257 937 3328 cqmparato.
954 3247 1029 3322 quod
1049 3247 1123 3322 apud
1138 3247 1251 3304 Mosem
1270 3265 1354 3304 ιιαιετ

254 3327 420 3402 appellatur,
434 3336 618 3403 ungerentur,
643 3349 679 3386 ex
700 3328 875 3386 derivatione
896 3347 912 3383 a
936 3346 1020 3384 nezer
1038 3327 1212 3385 vocabantur
1233 3327 1353 3383 ιιαιίιιεί.

254 3407 313 3465 Sed
338 3407 470 3466 Salvator
493 3417 522 3465 at
547 3408 686 3466 Dominus
714 3417 812 3465 noster
839 3416 938 3483 suapte
962 3415 1063 3464 natura
1086 3407 1115 3462 in
1142 3426 1172 3464 se
1196 3408 1304 3464 habene
1325 3414 1355 3463 et

254 3497 393 3556 sanctum,
408 3497 438 3546 et
450 3489 598 3557 intactum,
614 3497 642 3546 et
656 3497 826 3563 reparatum.
841 3507 932 3563 neque
946 3487 1064 3561 alicujus
1077 3487 1209 3561 indigene
1222 3488 1353 3543 humanae

254 3569 404 3635 unctionis,
419 3578 515 3627 tumen
532 3569 655 3625 Narlraei
675 3569 891 3642 appellationem
914 3568 989 3644 apud
1005 3567 1136 3624 homines
1150 3567 1280 3632 obtinuit,
1295 3584 1353 3622 non

254 3647 331 3722 quod
349 3648 384 3706 ab
408 3649 481 3715 oleo,
501 3648 576 3723 quod
599 3667 682 3704 noter
702 3657 860 3713 vocaretur,
888 3648 1029 3704 Ναιίταιιν
1049 3647 1183 3712 extiterit,
1207 3647 1258 3704 sed
1279 3645 1355 3720 quod

255 3729 383 3801 quamvis
402 3737 503 3785 natura
524 3727 636 3801 quidem
657 3726 721 3783 tulis
740 3735 823 3792 esset,
839 3737 934 3784 tamen
949 3747 966 3784 a
981 3727 1095 3784 civitate
1110 3727 1257 3783 Nazareth
1279 3725 1355 3800 apud

254 3805 384 3864 homines
404 3808 552 3865 Naziraeua
566 3815 684 3863 vocntua
705 3805 750 3871 ait.
772 3808 820 3863 ubi
842 3807 916 3881 apud
937 3827 1088 3882 annaque
1109 3807 1195 3864 homo
1217 3815 1288 3870 erat,
1303 3824 1352 3880 pa·

255 3894 350 3943 rentes
373 3889 508 3960 puerilem
536 3887 731 3944 educationem
759 3887 890 3944 obtinuit.
933 3889 976 3944 Ex
1002 3907 1059 3963 quo
1083 3887 1159 3962 apud
1183 3885 1353 3942 Matthaeum

255 3965 361 4021 dietum
376 3975 436 4022 eet:
456 3969 592 4042 Responsa
607 3975 698 4022 aulem
712 3969 738 4022 ia
752 3969 853 4024 romnis
866 3978 982 4042 accepto,
994 3967 1068 4043 (ipae
1082 3965 1352 4040 videlieetloaepn)

254 4047 358 4102 teneruit
373 4045 401 4100 in
418 4055 513 4120 portes
529 4047 669 4104 Gali-lace:
691 4051 838 4104 eluentem
855 4048 989 4104 habitauit
1012 4051 1038 4103 in
1058 4048 1168 4104 civitate
1182 4045 1354 4120 praedicitur

256 4123 379 4188 Ναιανο,
395 4133 424 4178 ιιι
440 4128 595 4198 impleretur
609 4130 681 4198 quud
696 4129 797 4185 dictum
812 4136 851 4184 eit
870 4147 920 4202 per
928 4127 1102 4202 proplietam,
1118 4128 1190 4199 quod
1205 4127 1354 4183 Notaretur

255 4201 402 4256 nocebitur.
445 4203 603 4275 Oportebat
618 4207 693 4264 enim
708 4225 905 4280 usquequaque
921 4225 1007 4281 quum
1021 4207 1081 4280 ipse
1096 4216 1195 4279 suapte
1210 4215 1311 4262 natura
1325 4211 1354 4260 et

255 4297 353 4333 revera
368 4279 515 4335 Naziraeus
529 4291 612 4346 esset,
627 4284 682 4338 hoc
696 4295 739 4341 est
753 4295 879 4348 nanctus,
890 4287 1022 4350 intactus,
1032 4294 1210 4360 segregatus,
1223 4286 1300 4341 illum
1316 4283 1353 4340 ab
