3144 4720
270 253 334 321 τοο
717 249 902 316 uusussn
1234 226 1240 238 '
1347 262 1507 330 ,399-

268 419 399 514 ἕθνους,
425 417 496 498 σδν
522 418 574 502 οἶς
603 420 661 496 καὶ
685 419 767 513 μεθ’
787 414 847 512 ὧν,
870 415 1024 515 ὡσπερεὶ
1051 418 1238 514 συνεργοῖς
1265 411 1363 514 χρῶ·

268 577 382 641 μενος,
408 546 428 622 ὁ
455 541 657 642 μισόκαλος
677 544 735 620 καὶ
760 548 834 620 τῶν
860 543 1007 640 ἀγαθῶν
1034 535 1188 643 φθορεὺς
1215 540 1274 615 καὶ
1300 534 1391 635 rrius

214 697 260 746 ¹0³
268 666 376 748 πόλιν
404 667 528 748 καὶτὸ
553 666 658 768 ἅγιον
683 671 885 768 διαφθερεῖν
912 665 1056 766 εἴρηται.
1118 665 1189 740 Καὶ
1216 669 1288 762 γὰρ
1314 664 1367 738 δι-

268 795 429 896 έφθειρεν
447 797 593 891 ἀληθῶς
610 790 707 871 ἅπαν
725 791 767 869 τὸ
786 791 896 886 ἔθνος,
914 786 994 869 τοτὲ
1012 787 1076 886 μὲν
1094 786 1161 885 τὴν
1181 791 1245 885 τῆς
1269 791 1367 885 ἱερω-

268 917 381 1014 σύνης
408 915 512 1021 τάξιν
537 923 585 999 είς
611 917 835 1016 παρανομίαν
862 915 971 1014 ἀγων,
990 911 1069 992 τοτὲ
1095 913 1133 991 δὲ
1159 909 1222 991 τὸν
1248 909 1366 990 πάντα

270 1039 361 1120 λαὸν
388 1040 627 1146 διαστρέφων,
656 1045 713 1118 καὶ
740 1038 806 1137 τὴν
832 1039 951 1134 πόλιν,
973 1039 1080 1136 (οὕτω
1108 1043 1181 1114 τῶν
1206 1041 1366 1114 πολιτῶν

268 1171 515 1268 μεταφορικῶς
534 1163 824 1264 eromenion)
844 1169 893 1247 είς
911 1161 1081 1256 ἀσέβειαν
1097 1160 1365 1257 ἐκκαλούμενος.
1379 1187 1412 1222 ¹0

273 1290 422 1396 Σννᾴδει
450 1289 488 1369 δὲ
515 1292 615 1387 ἡμῶν
643 1295 689 1390 τῇ
718 1287 890 1368 ἀποδόσει
920 1293 978 1367 καὶ
1006 1290 1026 1366 ὁ
1052 1286 1211 1370 Ἀκύλας
1240 1293 1400 1364 rorirord

269 1416 489 1517 ἑρμηνεύσας
514 1413 578 1493 τὸν
602 1411 746 1516 τρόπον,
767 1424 826 1493 καὶ
850 1412 903 1504 τὴν
923 1419 1022 1494 πόλιν
1042 1422 1102 1492 καὶ
1121 1415 1156 1491 ri
1176 1412 1272 1511 ἅγιοι
1292 1407 1368 1489 δια-

216 1571 262 1618 τοι
271 1539 377 1645 φθερεῖ
406 1544 492 1624 λαός
525 1535 711 1641 ιι’τγιυμίιιυ
743 1538 924 1641 ε’ρχομείοο.
984 1539 1043 1617 Οὐ
1070 1534 1183 1634 μόνον
1209 1534 1282 1636 γάρ
1313 1537 1368 1612 ¹¹'ri

271 1663 458 1767 ἐρχόμενος
477 1661 679 1764 ἡγούμενος,
699 1664 719 1740 ὁ
746 1661 838 1740 κατὰ
862 1659 908 1740 rei
932 1661 1173 1758 ἀποδεδομένα
1195 1661 1278 1759 ἡμῖν
1299 1664 1365 1757 δη-

270 1795 409 1885 λωθεὶς,
435 1788 608 1890 διέφθειρε
636 1785 703 1884 τὴν
730 1786 840 1865 πόλιν
871 1788 930 1864 καὶ
957 1783 1000 1864 τό
1030 1784 1143 1884 ἅγιον,
1176 1781 1277 1863 ἀλλά
1308 1786 1391 1861 καὶὸ

270 1914 435 1992 ότούτου
453 1911 555 1996 λαός.
616 1912 721 1990 Εἴποι
747 1912 777 1987 δ
797 1911 842 1988 ἀν
865 1943 919 1992 τις
941 1911 1004 1988 οὐκ
1024 1911 1122 1988 ι’ἀπο
1142 1916 1283 1987 σκοποῦ
1309 1911 1367 1985 καὶ

269 2034 332 2116 τὸν
348 2033 536 2134 Ῥωμαίων
554 2031 711 2133 ἡγεμόνα
739 2031 800 2112 διά
819 2040 893 2112 τῶν
910 2032 1149 2134 προκειμένων
1168 2033 1369 2128 δηλοῦσθαι

269 2159 333 2240 τόν
350 2193 388 2239 τε
407 2159 534 2238 τούτου
552 2158 654 2251 λαὸν,
667 2159 709 2236 δι’
726 2158 768 2236 οὗ
788 2156 915 2259 νομίζω
933 2157 1175 2256 σημαίνεσθαι
1193 2153 1240 2233 τά
1256 2187 1369 2256 στρα-

269 2283 401 2364 τόπεδα
417 2292 490 2363 τῶν
501 2283 687 2380 Ῥωμαίων
705 2280 899 2385 ἀρχόντων,
909 2283 954 2387 ἐξ
964 2282 1093 2360 ἐκείνου
1111 2279 1368 2381 κρατησάντων

268 2418 332 2487 τοῦ
351 2409 482 2502 ἔθνους,
501 2406 534 2485 oi
554 2411 610 2484 καὶ
629 2404 694 2503 τὴν
711 2404 821 2485 πόλιν
839 2406 950 2504 αὐτὴν
967 2405 1206 2508 Ἰερουσαλὴμ
1225 2406 1283 2482 καὶ
1304 2401 1369 2480 τὸν
1382 2450 1412 2485 ιο

217 2531 384 2623 ιο5πάλαι
401 2535 438 2610 ἐν
456 2533 546 2634 αι’ντῇ
564 2527 699 2627 σεμνὸν
717 2533 775 2609 καὶ
795 2528 897 2630 ἀγιον
915 2528 1003 2609 νεὼν
1019 2530 1231 2632 διέφθειραν.
1271 2524 1368 2605 Ὑπὸ

244 2685 248 2694 ·
270 2656 405 2735 τούτων
432 2665 522 2757 γοῦν
550 2657 608 2734 καὶ
636 2651 861 2758 ἔξεκόπησαν
888 2658 936 2738 ὡς
963 2657 1001 2733 ἐν
1028 2657 1284 2758 κατακλυσμῷ,
1311 2654 1381 2730 καὶ·

309 2821 319 2865 l
333 2823 488 2896 ἡγουμένου]
506 2824 550 2876 Sic
565 2823 593 2876 S.
607 2839 670 2876 oum
682 2820 755 2891 vuig-
797 2819 938 2891 ἡγούμενος
953 2821 984 2876 Ρ.
999 2823 1045 2892 qui
1064 2839 1127 2876 mox
1141 2822 1216 2876 addit
1230 2817 1369 2891 τ’γγούμετος

269 2912 332 2976 poet
346 2902 494 2973 ἐρχόμενοι.
517 2902 579 2955 Ηοο
592 2919 645 2955 om.
662 2901 689 2954 S.
705 2917 766 2954 oum
780 2901 854 2971 vulg.
923 2909 947 2940 m
961 2902 976 2952 ὁ
989 2918 1043 2955 om.
1060 2901 1087 2954 S.
1163 2909 1179 2940 ὓ
1193 2900 1257 2972 ἀπὸ]
1275 2901 1326 2954 ἄπο
1336 2900 1367 2955 Ρ.

270 3052 334 3108 illos
355 3051 488 3124 deinceps
508 3049 587 3124 genti
607 3048 788 3123 profuerunt,
803 3050 904 3125 quibus
923 3058 1057 3124 tunquam
1076 3051 1253 3125 adjutoribus
1274 3059 1367 3117 utem,

270 3149 327 3186 uno
350 3148 414 3186 oum
436 3131 538 3187 iisdem
565 3129 626 3204 ipse
650 3129 763 3185 honesti
786 3129 917 3186 inimiour
938 3130 1135 3205 bonorumque
1158 3139 1315 3204 corruptor,
1339 3139 1369 3187 et

271 3208 412 3266 civitatem
428 3217 457 3266 et
470 3216 598 3266 sunctum
613 3207 774 3281 perditurus
787 3209 899 3266 dicitur.
934 3210 1048 3266 Etenim
1062 3229 1130 3266 vere
1143 3211 1265 3284 perdidit
1278 3219 1368 3266 totum

270 3296 397 3364 gentem,
412 3290 498 3346 modo
519 3289 631 3362 quidem
653 3288 803 3345 sacerdotii
824 3289 951 3345 ordinem
966 3297 1069 3363 praeter
1082 3289 1176 3365 legem
1189 3290 1368 3364 perturbem,

270 3369 356 3425 modo
380 3387 448 3425 vero
469 3377 604 3425 cunctum
628 3366 763 3440 populum
790 3375 963 3442 pervertens,
985 3379 1015 3426 et
1038 3369 1191 3434 civitatem,
1214 3368 1270 3442 (sio
1291 3369 1368 3425 euim

270 3449 346 3505 eires
365 3449 486 3523 figurate
508 3447 718 3517 nominentur)
733 3465 855 3503 eroonnr
875 3447 911 3504 od
931 3448 1105 3522 impietatem
1119 3458 1149 3506 et
1162 3449 1250 3505 nefor.
1293 3449 1370 3505 Huic

270 3535 365 3584 eutem
379 3527 611 3584 commentationi
625 3535 730 3580 nortroe
745 3526 847 3598 Aquilo
861 3545 972 3601 qnoque
986 3528 1148 3594 concordet,
1163 3529 1210 3602 qni
1229 3529 1368 3602 interpre-

269 3615 346 3664 tetur
360 3615 403 3663 ent
417 3607 446 3662 in
467 3607 543 3662 huno
564 3605 691 3668 modum,
709 3605 746 3658 Et
760 3605 894 3660 civitatem
912 3614 939 3662 et
957 3615 1080 3664 nunctum
1099 3609 1235 3682 disperdet
1253 3609 1369 3680 populor

270 3687 346 3743 ducis
369 3687 484 3742 venturi.
529 3685 596 3741 Non
620 3683 711 3739 solum
731 3683 807 3739 enim
829 3685 875 3758 qni
898 3693 1032 3742 venturus
1050 3686 1104 3742 fuit
1125 3687 1193 3752 dux,
1210 3704 1294 3760 quem
1315 3703 1369 3741 noe

271 3765 414 3838 superiore
428 3765 606 3838 expositione
626 3761 810 3835 prodidimus,
825 3765 950 3838 eorrupit
962 3765 1105 3822 civitatem
1120 3775 1150 3822 et
1164 3775 1303 3830 sonetum,
1318 3765 1369 3820 red

270 3844 355 3901 etiem
370 3843 443 3899 iilius
456 3843 594 3917 populus:
617 3847 752 3916 preterea
766 3860 823 3898 nou
837 3843 956 3900 forsitan
976 3844 1115 3918 quiepiurn
1133 3853 1242 3901 erecto
1256 3843 1368 3900 uberru-

270 3923 343 3978 verit
366 3921 389 3978 ei
414 3921 527 3985 dixerit.
551 3922 636 3978 etium
661 3915 824 3978 Romanum
849 3923 949 3978 ducem
974 3923 1074 3981 iisdem
1098 3923 1192 3980 verbio
1216 3922 1370 3997 dmigneri.

270 4001 386 4073 ejusque
400 4000 479 4056 ducis
497 4003 641 4075 populum.
683 4002 738 4058 Per
758 4019 820 4075 quoe
841 4002 963 4057 arbitror
984 4003 1137 4076 significari
1155 4003 1297 4058 exercitur
1310 4003 1369 4057 Ro·

269 4097 416 4134 munorum
438 4080 605 4154 principum,
620 4081 667 4155 qui
688 4099 725 4139 ex
745 4079 794 4137 illo
811 4089 938 4154 tempore
959 4083 1053 4155 gentie
1074 4082 1222 4155 imperium
1240 4089 1368 4142 tenuere,

270 4157 371 4229 quique
386 4157 528 4212 civitatem
549 4159 638 4231 ipsam
655 4159 832 4217 Hierusalem
854 4169 882 4216 et
902 4161 930 4216 iu
949 4179 984 4216 eu
1002 4162 1143 4234 quondam
1158 4159 1317 4217 venerabile
1338 4168 1369 4215 et

270 4241 398 4289 sunctum
417 4234 553 4307 templum
573 4246 767 4310 corruperunt.
812 4237 957 4311 Siquidem
978 4239 1013 4294 ab
1035 4240 1069 4296 iis
1087 4241 1172 4296 etiam
1193 4239 1280 4295 excisi
1301 4247 1369 4296 tuot
