3144 4720
254 236 320 298 800
701 232 887 298 EUSEBII
1331 248 1439 317 p·401
1454 264 1505 280 -

252 393 302 472 sle
327 391 437 468 ἐκεῖνο
464 398 528 470 τοῦ
555 398 689 493 καιροῦ,
706 387 832 491 ὥσπερ
851 387 970 470 'Arva
987 390 1010 488 ἡ
1029 394 1230 494 “προφῆτιε
1248 389 1270 486 ἡ
1287 396 1352 468 τοῦ
1364 425 1394 459 ιο

253 511 434 612 Φανουὴλ,
452 519 511 594 καὶ
537 514 684 614 Συμεὼν
707 517 728 594 ὁ
752 518 811 595 ἐπὶ
827 514 891 598 τὰς
910 513 1073 615 ἀγκάλας
1090 514 1198 594 αὐτὸν
1215 513 1352 618 βρέφοτ

251 638 302 716 ἔτι
321 637 409 718 ὅντα
426 641 563 737 λαβὼν,
578 641 612 720 οἳ
630 645 687 720 καὶ
700 640 968 743 προφητεῦουσι
980 639 1028 720 τὰ
1040 640 1379 743 ἀναγεγραμμέναο

200 783 243 833 ¹¹⁵
253 763 342 842 Οῦδ
362 761 407 843 ἂν
424 767 529 849 αὐτὸς
548 768 568 844 ὁ
589 765 721 867 Κύριοι
738 766 839 864 ἡμῶν
856 763 984 866 εἰρήκει
1001 771 1053 870 τῷ
1070 770 1205 871 λεπρηῖ,
1222 763 1350 866 ὕπαγε,

252 884 351 994 δεῖξον
369 891 506 970 tenuris
524 897 571 998 τῷ
588 895 670 996 ἱερεῖ,
688 897 748 970 καὶ
767 889 966 997 προσένεγκε
985 887 1038 980 τῖιι
1057 887 1182 978 θυσίαν,
1198 887 1232 980 ἣν
1250 923 1351 992 προτ-

253 1010 351 1119 εῖοξε
371 1013 497 1106 Μασῖῖς
516 1023 562 1100 εἰς
580 1015 749 1120 μαρτύριον
768 1018 891 1102 αὐτοῖς,
911 1011 961 1110 μὴ
981 1013 1061 1115 οῦχὶ
1079 1012 1131 1090 ἔτι
1148 1016 1220 1090 δεῖν
1238 1010 1374 1112 ἡγοῦ-5

250 1169 355 1233 μενος
380 1137 426 1216 τὰ
450 1138 542 1218 κατὰ
568 1137 696 1236 νόμους
719 1141 957 1218 ἐπιτελεῖσθαι
985 1136 1118 1233 αῦτὸθι,
1137 1140 1185 1219 ὡς
1202 1138 1242 1215 ἐν
1259 1138 1349 1244 ἁγίιρ

251 1265 309 1342 καὶ
337 1267 433 1343 Θεοῦ
462 1264 552 1370 ἀξίῳ
583 1261 695 1368 τόπερ·
734 1263 806 1340 οῦδ
837 1259 883 1339 ἂν
909 1259 992 1344 τοῦτ
1023 1259 1262 1363 ἀγοράζοντας
1291 1263 1350 1342 καὶ

251 1385 541 1488 ’πιπράσκοντας
560 1385 705 1492 ἐξωθεῖν
727 1382 840 1487 ἐ’λεγε,
859 1389 1057 1492 γέγραπται
1077 1384 1124 1464 ἰ’τι
1144 1394 1159 1465 ὁ
1179 1383 1267 1470 alate
1286 1421 1351 1488 μου

250 1509 337 1598 nixos
364 1510 551 1618 προσευχῆς
578 1509 787 1604 κληθήσεται,
812 1515 906 1613 ὑμεῖς
929 1505 964 1588 θθ
989 1509 1085 1590 nerle
1110 1514 1231 1590 ποιεῖτε
1258 1513 1349 1604 σπή-

250 1655 347 1716 λαιον
376 1635 516 1749 ληστιῖι,
545 1638 604 1714 καὶ
631 1635 741 1730 αὖθις,
770 1632 872 1740 ἄρατε
899 1637 1011 1714 ταῦτα
1040 1633 1180 1725 εἰτεῦθει,
1213 1640 1272 1714 καὶ
1301 1635 1395 1740 μῦμα

250 1765 373 1842 ποιεῖτε
392 1761 442 1840 νῦν
462 1759 546 1841 oleos
564 1764 617 1840 τοιῖ
636 1760 763 1864 ποιτρθς
781 1795 846 1862 μου
865 1757 951 1839 olunt
970 1761 1151 1864 θμπορεῖου,
1171 1764 1200 1838 εἰ
1224 1757 1275 1858 μὴ
1298 1761 1349 1838 ἔτι

250 1886 366 1981 τίμιον
401 1891 533 1989 σοφῶε
563 1888 636 1964 δεῖν
666 1883 821 1986 ἐνόμιζεν
854 1881 1123 1980 ὑπολαμβάνειν
1160 1879 1247 1962 εἶναι
1284 1881 1381 1965 rivo

198 2004 373 2086 ιιύτόπον.
421 2005 545 2084 Ἀλλὰ
568 2005 640 2107 γὰρ
665 2006 938 2108 πλησιαζούσης
962 2007 1079 2086 αὐτοῖν
1102 2011 1168 2105 τῆς
1192 2005 1349 2110 ἐσχάτης

252 2131 478 2226 δυσσεβείας,
502 2129 591 2228 μετὰ
618 2139 731 2210 ταῦτα
757 2131 876 2210 πάντα
902 2129 1111 2234 ἀπεφήνατο
1137 2129 1256 2228 εἰπὼν,
1283 2128 1349 2211 ital

250 2259 393 2360 ἀφίεται
413 2259 519 2356 ῦμῖνὸ
540 2253 627 2339 οἶκος
646 2254 733 2358 ὑμεῖν
752 2253 917 2361 imponi
944 2258 1001 2334 nal
1028 2253 1114 2333 αι’πὸ
1139 2259 1373 2357 ἐπληροῦτος

251 2377 310 2456 ὅτε
327 2376 505 2461 παθόντος
523 2380 631 2458 αι’ποῦ
648 2378 691 2457 τῦ
716 2378 975 2476 καταπέτασμα
995 2387 1059 2456 τοῦ
1086 2388 1173 2458 ναοῦ
1199 2380 1286 2460 ὅλον
1303 2383 1347 2460 δι’

251 2499 339 2578 ὅλου
365 2502 480 2598 μέσον
507 2502 651 2604 ἐρράγη,
670 2501 851 2606 καθῄρητό
877 2537 917 2582 τε
941 2503 984 2607 ἐξ
1007 2504 1139 2582 ἐκείνου
1161 2503 1304 2602 δυνάμει
1326 2505 1349 2602 ἡ

249 2624 434 2726 προσηνὴς
452 2632 503 2731 τῷ
522 2633 605 2732 Θεῷ
626 2625 717 2705 κατὰ
740 2625 806 2725 τὴν
831 2635 895 2705 τοῦ
921 2624 1031 2722 νόμου
1056 2627 1218 2732 διάταξιν
1241 2629 1350 2710 θυσία

507 2819 523 2850 ¹¹
537 2809 675 2881 προφήτην
689 2811 719 2863 Ρ.
811 2818 824 2846 ¹
839 2809 1044 2882 θπιπρθσιιοντοε
1060 2810 1088 2864 S.

251 2961 387 3034 temporis
414 2959 542 3015 nonnulli
569 2959 599 3015 in
627 2959 735 3032 templo
759 2958 927 3020 divinantes.
957 2956 1047 3030 qualis
1074 2958 1159 3014 Anne
1186 2959 1352 3032 prophetice

251 3040 352 3095 mulier
367 3039 422 3094 filie
436 3038 572 3102 Phanuel,
587 3045 616 3094 et
635 3037 752 3094 Simeon
773 3037 820 3111 qni
841 3037 871 3094 in
892 3036 973 3092 ulnes
992 3037 1085 3110 ipsum
1107 3037 1199 3094 edhuo
1213 3038 1350 3096 insontem

252 3117 368 3190 occepit,
383 3117 430 3190 qui
444 3116 529 3172 etiam
543 3117 706 3173 cecinerunt
720 3136 754 3174 ea
767 3135 830 3190 quse
843 3115 962 3190 publice
981 3115 1124 3172 memorie
1139 3119 1258 3190 'prodite
1276 3129 1351 3175 sunt.

160 3247 192 3268 ,,
252 3197 311 3254 Sed
335 3215 425 3270 neque
445 3196 506 3268 ipse
528 3195 671 3253 Dominus
689 3205 787 3253 noster
811 3195 929 3252 dixisset
950 3195 1072 3268 leproso.
1097 3196 1161 3260 Ati,
1190 3199 1298 3254 οειιπθε
1325 3205 1352 3254 te

251 3279 387 3334 οοιιτθοιί
400 3283 427 3332 et
441 3275 508 3350 offer
520 3277 693 3350 τοιτηῐιὶυιπ,
708 3279 781 3349 quod
795 3278 928 3350 precepit
942 3275 1033 3332 Moses
1053 3277 1081 3332 in
1102 3276 1284 3332 testinnonium
1303 3279 1350 3339 eit.

252 3358 277 3414 si
290 3357 339 3414 illo
353 3355 382 3412 iu
396 3356 460 3412 loeo
475 3374 531 3411 non
545 3356 620 3412 ultre
633 3356 823 3412 existimasset
836 3373 898 3428 que
917 3353 953 3412 ad
974 3355 1045 3410 ritus
1057 3355 1191 3429 legesque
1208 3355 1351 3428 pertinent

252 3447 385 3511 tenqunrn
407 3437 437 3492 in
458 3444 557 3492 saneto
578 3444 608 3492 et
622 3435 678 3494 Dei
698 3434 850 3512 presentie
870 3433 958 3506 digno
976 3433 1040 3490 loco
1058 3433 1193 3490 celebrari
1207 3443 1349 3508 oportere,

161 3549 209 3588 as,
251 3536 344 3592 neque
357 3515 513 3572 vendentes
527 3523 556 3571 et
570 3523 697 3572 ementes
710 3514 826 3587 ejiciens
840 3512 959 3569 dixisset
971 3513 1058 3570 verbs
1077 3513 1286 3587 διανοήματι
1300 3521 1349 3579 est,

251 3597 360 3653 Domus
373 3615 431 3652 men
442 3597 535 3650 θοπιυο
548 3595 680 3650 orationis
692 3593 842 3656 οοοοθῦιιτ,
851 3611 898 3649 uos
911 3600 1000 3648 antem
1016 3610 1076 3648 eam
1081 3592 1183 3664 facitis
1197 3594 1351 3666 speluncam

252 3678 398 3738 latronum,
413 3681 441 3730 et
459 3693 565 3736 rursus.
580 3673 695 3748 Auferte
714 3675 767 3728 isto
788 3672 857 3736 nnc,
872 3683 899 3729 et
918 3673 1003 3728 notite
1011 3671 1115 3743 sonere
1134 3671 1239 3730 θοοιιιοι
1255 3676 1350 3748 putris

252 3757 302 3810 mei
323 3757 432 3810 ιΙοιιιυπι
456 3753 654 3825 negotiationis,
676 3752 731 3808 nisi
758 3751 851 3808 edhuo
874 3751 958 3825 plene
982 3751 1138 3806 censuisset
1160 3752 1350 3810 venerabilem

251 3851 313 3892 esse
327 3833 420 3890 locum
441 3840 541 3905 putere
559 3839 700 3905 oportere.
742 3830 783 3886 At
797 3831 873 3887 enirn
887 3829 935 3886 ubi
948 3829 1060 3886 illorum
1080 3837 1237 3888 extremum
1258 3831 1350 3887 eoelus

160 3941 208 3978 .ι,
251 3911 494 3988 appropinquavit,
516 3918 576 3968 turn
598 3910 694 3966 omnin
717 3909 851 3967 indicavit
868 3909 973 3973 dicens.
996 3910 1068 3966 Eece
1091 3911 1256 3982 relinquitur
1276 3909 1351 3966 nobis

250 3995 347 4048 domus
359 3998 450 4047 oestro
464 3991 577 4057 derata,
588 3989 663 4064 quod
674 3989 788 4064 quidem
801 3989 893 4064 ipsum
905 3988 1078 4061 completum
1092 3996 1137 4044 est
1150 4007 1206 4062 quo
1221 3997 1350 4063 tempore

250 4069 318 4126 dum
332 4069 379 4124 ille
393 4070 468 4124 cruci
483 4069 583 4125 affixus
597 4077 650 4134 est,
664 4070 757 4126 velum
774 4068 872 4142 templi
893 4067 1017 4124 medium
1035 4075 1098 4124 toto
1119 4067 1231 4140 penitus
1252 4068 1348 4126 nititu-

250 4148 323 4203 ‹linis
338 4165 395 4202 sues
410 4147 502 4220 spatio
517 4146 635 4204 scissum
649 4157 702 4211 est.
718 4148 914 4221 subletumque
928 4154 973 4203 est
985 4165 1023 4203 ex
1037 4146 1085 4202 illo
1103 4147 1131 4204 vl
1150 4147 1271 4220 quedem
1286 4147 1349 4204 Deo

250 4235 363 4296 gratum
384 4243 417 4280 ex
438 4225 614 4281 institutione
635 4227 707 4300 legis
728 4227 893 4284 sacrificium
909 4235 937 4284 et
951 4225 1057 4290 libatio,
1074 4244 1129 4298 que
1145 4226 1264 4292 sublate,
1279 4227 1348 4282 ebo-
