3108 4708
250 251 315 314 uso
716 249 901 316 nussum
1328 245 1492 330 p.496-
1540 271 1541 314 i

251 409 386 514 ἡμέρας,
408 415 466 490 καὶ
488 417 545 490 οὐκ
570 410 758 525 sicundae,
780 422 839 492 καὶ
860 411 984 506 rueris,
1006 419 1063 490 soi
1085 417 1144 490 οὐκ
1170 411 1239 489 ίττι
1258 411 1352 510 τιγὴ.

253 535 433 638 Θαυμάζει
452 534 496 634 δὴ
519 537 581 616 οὖν
606 539 643 614 ἐν
660 535 798 619 τούτοις
814 534 878 616 τὸν
895 537 1031 639 πατέρα
1050 539 1098 620 ὡς
1117 533 1166 634 μὴ
1185 533 1352 616 είσακοά·
1363 527 1400 640 ,Τ

252 692 339 738 οντα
357 661 475 756 αὐτοῦ,
495 657 720 766 Βπαράξενόν
737 695 771 739 τι
794 659 920 740 τούτου
943 663 1001 740 καὶ
1024 659 1124 762 παρὰ
1141 659 1184 738 τὸ
1202 659 1357 758 σύνηθες

213 825 242 870 ,ι
252 789 406 885 θεωρῶν·
436 786 457 862 ὁ
484 785 523 863 δὲ
548 784 747 890 ἐφύλαττεν
772 785 954 891 αὐτῷτὴν
976 782 1087 884 ἀκοὴν
1110 791 1158 868 είς
1184 785 1249 864 τὸν
1276 789 1354 864 ε’πι-

253 908 389 1008 τήδειον
406 919 470 988 τοῦ
488 915 765 1008 εἰσακουσθῆναι
783 909 915 1013 καιρόν.
977 910 1096 994 Οὗτος
1114 909 1153 989 δὲ
1175 908 1219 1010 ἦν
1244 913 1264 988 ὁ
1290 914 1356 1007 τῆς

252 1033 480 1138 ἀντιλήψεως
507 1040 571 1132 τῆς
595 1038 749 1134 ἑωθινῆς,
768 1040 827 1114 καὶ
852 1038 953 1134 ὁτῆς
972 1039 1009 1114 ἐκ
1037 1043 1168 1137 νεκρῶν
1189 1032 1382 1114 donoro-5

254 1193 357 1256 σεως,
377 1162 460 1240 καθ’
482 1159 532 1256 ὃν,
552 1167 581 1240 εί
609 1161 671 1240 καί
695 1195 762 1240 τινι
783 1160 918 1266 Ιἰ’ίλλιρ,
938 1163 995 1240 καὶ
1024 1163 1120 1267 αὐτῷ
1147 1162 1288 1244 δικαίως
1309 1158 1357 1240 ἂν

254 1287 396 1391 ἐλέχθη,
408 1285 450 1368 *iv
471 1297 573 1393 ιιιιιρῷ
591 1283 698 1395 άέιιτιρ
715 1287 888 1379 ἐπήκουσά
906 1324 976 1377 τιν,
1000 1295 1059 1368 καὶ
1080 1289 1110 1368 ἐι
1128 1289 1232 1395 ἡμέρᾳ
1250 1323 1357 1379 σωτη-

256 1415 327 1518 ρίιις
347 1409 509 1504 ἐβιῆίητά
527 1447 590 1490 τοι.
649 1408 732 1492 Ἰλιῗι
757 1415 803 1490 ιῧι
824 1413 937 1518 adipis
956 1407 1204 1516 εὐπρόσδεκτος,
1225 1407 1292 1491 itai
1309 1414 1359 1492 νῦν

216 1537 362 1640 ιιῆμίριι
386 1539 559 1642 σωτηρίας.
617 1536 768 1636 Λέγοιτο
795 1537 826 1613 δ’
846 1534 891 1614 ἂν
915 1545 1027 1616 ταῦτα
1051 1540 1109 1616 καὶ
1136 1536 1260 1638 ἑτέρως
1287 1533 1404 1616 inim

255 1661 339 1742 Ιιτοῦ
365 1666 532 1763 Σωτῆρος
558 1663 667 1758 ἡμῶν,
686 1666 733 1744 ὡς
759 1660 922 1745 εἰωθότος
949 1662 1014 1760 μέν
1043 1665 1095 1740 ἀεὶ
1121 1665 1179 1743 καὶ
1203 1660 1360 1741 πάντοτε

255 1791 505 1870 είσακοάεσθαι
524 1786 594 1868 ὑπὸ
612 1797 675 1868 τοῦ
700 1788 846 1892 πατρὸς,
866 1798 929 1868 νῦν
956 1789 993 1868 δέ
1018 1787 1250 1870 πιστεύοντος
1278 1794 1356 1868 εἰσ·

256 1912 563 2012 ακονσθήσεσθαι,
593 1919 642 1997 ὡς
671 1921 700 1992 εί
733 1914 963 2020 σαφέιπερον
991 1911 1104 2014 ἔλεγε,
1130 1913 1181 2012 μὴ
1213 1912 1288 1993 οἶόν
1320 1948 1360 1994 τε

256 2043 365 2136 ἐστὶν,
394 2036 423 2118 ὦ
451 2038 575 2142 πάτερ,
604 2040 664 2138 ἐμὲ
698 2039 761 2120 τὸν
786 2038 857 2120 σὸν
884 2039 1057 2140 μονογενῆ
1086 2042 1145 2118 καὶ
1173 2038 1361 2140 άγατπγτὸν

257 2165 331 2246 υἱὸν
357 2165 407 2264 μὴ
434 2165 695 2262 είσακούεσθαι,
714 2173 858 2260 βοῶντα
884 2168 942 2244 καὶ
960 2162 1170 2267 1κεκραγότα
1196 2165 1287 2267 πρός
1313 2199 1359 2244 σε
1370 2198 1401 2250 ¹⁵

256 2289 320 2368 τὸν
337 2294 490 2386 ἐμαυτοῦ
508 2291 670 2392 πατέρας
703 2290 877 2369 Διδάσκει
895 2299 984 2391 γοῦν
1006 2287 1092 2368 αὐτὸ
1116 2298 1222 2368 τοῦτο
1246 2292 1284 2368 ἐν
1308 2302 1475 2397 '‘ip-497

259 2413 351 2494 κατὰ
377 2413 546 2514 Ἰωάννην
579 2416 775 2522 εὐαγγελίῳ
806 2419 863 2494 ἐπὶ
899 2424 964 2495 τοῦ
1001 2413 1175 2518 Λαζάρου,
1208 2418 1360 2514 ὁπηνίκα

259 2539 376 2637 εἰπὼν,
410 2538 514 2646 άριιτε
546 2543 597 2620 τὶν
628 2540 713 2620 λίθον
746 2542 817 2622 ἀπὸ
848 2551 912 2620 τοῦ
944 2543 1124 2641 μνημείου,
1157 2542 1253 2647 ε’πῆρε
1284 2541 1359 2626 τοὶς

261 2665 459 2773 ὄφθιιλριιῖις
484 2669 599 2747 iamai
624 2675 669 2750 τίς
688 2667 738 2745 τὶν
762 2668 897 2774 supanis,
920 2675 978 2746 nai
1006 2666 1091 2757 εἷπε,
1113 2667 1225 2774 Πάτερ
1246 2673 1383 2764 τάχα-5

303 2854 407 2922 Εξένον
416 2873 442 2906 τι
455 2852 545 2924 τοῦτο]
562 2850 706 2924 παράξινόν
716 2873 741 2904 τι
755 2849 848 2904 τοίπον
858 2853 888 2904 Ρ.
971 2847 1071 2904 1ῑιῖλλα
1083 2851 1110 2904 S.
1201 2846 1250 2904 ἰεἰν
1263 2868 1317 2906 om.
1329 2851 1358 2904 8.

261 2927 459 2986 ivoteddAE.
541 2928 676 3004 Ῑιιραγότα
692 2931 719 2985 S.

261 3091 287 3138 ιι
306 3099 358 3136 non
383 3089 424 3136 est
443 3083 589 3137 silentium.
632 3081 711 3155 Ergo
736 3082 766 3136 io
788 3081 833 3136 his
857 3089 967 3155 patrem
989 3099 1072 3138 suum
1092 3089 1228 3155 tunquam
1249 3099 1279 3138 se
1302 3099 1361 3137 nou

260 3159 459 3218 exaudientem
477 3159 641 3226 admiretur,
660 3169 759 3235 utpote
780 3179 865 3234 quum
887 3177 993 3217 novum
1013 3161 1069 3218 hoo
1089 3169 1174 3235 etque
1194 3160 1361 3218 inusitatum

260 3239 409 3314 inspiciat:
433 3241 480 3297 ille
494 3248 589 3298 nutem
602 3241 668 3298 huic
683 3240 854 3298 audientium
868 3241 905 3297 sd
917 3241 1051 3298 idoneum
1066 3241 1235 3298 exaudiendi
1249 3249 1362 3315 tempus

262 3321 426 3379 reservavit.
470 3319 535 3378 Hoo
552 3339 620 3378 vero
641 3321 694 3378 fuit
715 3321 903 3396 susceptionis
923 3321 1069 3378 matutine
1090 3321 1362 3396 excitationisques

262 3409 355 3459 morte
368 3401 500 3458 advitam
514 3409 635 3476 tempus,
646 3420 703 3475 quo
717 3419 785 3458 sene
798 3411 935 3475 tempore,
947 3403 970 3457 si
986 3401 1098 3476 quondo
1111 3402 1148 3458 sd
1162 3400 1249 3458 ulium
1263 3419 1362 3476 qnem-

262 3483 348 3558 pism,
364 3481 508 3556 adipsum
523 3499 633 3556 quoque
643 3483 720 3556 juste
735 3481 886 3538 dicendum
899 3481 962 3547 fuit,
973 3483 1006 3538 iu
1019 3491 1139 3557 tempore
1152 3489 1263 3555 accepto
1278 3499 1361 3538 eoos-

262 3565 318 3620 dioi
335 3570 370 3627 te,
386 3569 412 3618 et
428 3565 457 3618 tn
477 3563 522 3618 die
541 3561 637 3618 edetis
653 3563 747 3632 odjuoi
768 3569 801 3625 te,
821 3579 881 3618 ecce
904 3579 976 3618 αναο
993 3570 1094 3636 tempus
1115 3561 1287 3634 acceptabile,
1302 3579 1364 3617 eoos

261 3659 334 3699 αααο
350 3643 405 3699 dies
424 3642 531 3698 solutis.
573 3641 637 3698 Dioi
651 3659 719 3698 vero
739 3649 860 3716 possunt
872 3641 933 3698 haeo
948 3641 1003 3699 elis
1016 3659 1127 3716 quoque
1140 3641 1250 3698 ratione
1264 3659 1282 3697 a
1296 3639 1361 3698 Sul·

262 3729 361 3779 vatore
376 3729 484 3787 nostro,
498 3730 633 3795 tonqnsm
654 3723 691 3778 eb
712 3739 756 3787 eo,
772 3721 819 3794 qui
838 3722 1015 3779 consueverit
1029 3739 1141 3796 semper
1161 3720 1274 3795 quidem
1289 3728 1318 3777 et
1331 3720 1363 3777 io

263 3802 394 3859 omnibus
415 3801 577 3859 exaudiris
600 3809 688 3876 putre,
713 3819 789 3858 nono
810 3809 905 3858 nutem
926 3803 972 3875 qui
992 3801 1078 3858 etiem
1098 3800 1183 3857 fidem
1205 3800 1310 3856 hebeat
1331 3819 1364 3858 se

263 3901 326 3938 esse
350 3882 568 3948 exaudiendum,
591 3899 649 3938 oon
672 3899 753 3938 seous
775 3899 808 3938 uo
830 3881 854 3937 si
878 3882 989 3956 plonius
1013 3881 1128 3945 diceret,
1150 3880 1279 3954 nunquid
1301 3880 1363 3937 fieri

263 3969 367 4033 potest,
382 3981 400 4019 o
413 3970 503 4036 puter,
517 3971 550 4018 nt
570 3980 626 4036 ego
647 3961 746 4018 unicus
767 3977 801 4018 uo
821 3961 940 4018 dilectus
960 3961 1044 4026 filius,
1060 3961 1128 4018 dum
1149 3960 1185 4017 ed
1202 3969 1231 4017 te
1251 3969 1364 4035 petrem

263 4057 358 4095 meum
380 4043 472 4098 clamo
493 4051 522 4100 et
537 4042 686 4106 vociferor,
707 4059 765 4098 non
785 4040 940 4098 exaudior?
962 4040 1107 4115 Siquidem
1126 4041 1182 4097 hoo
1200 4040 1293 4114 ipsum
1314 4039 1364 4096 ille

264 4117 339 4171 idem
361 4119 444 4175 dooet
463 4122 493 4176 in
514 4121 662 4195 evangelio
680 4121 800 4178 Jounnis
817 4121 866 4178 ubi
886 4121 921 4178 de
941 4120 1050 4178 Innio
1073 4139 1166 4178 sermo
1187 4129 1240 4177 est.
1283 4119 1363 4176 Nem

100 4213 135 4251 so.
148 4223 178 4260 u,
188 4223 219 4260 ³⁹·
264 4209 350 4265 quum
365 4195 492 4259 dixisset,
506 4201 604 4256 rodite
615 4203 732 4272 lapidem
743 4208 964 4265 omonumento,
973 4203 1081 4257 ιαςιιὶίι
1092 4201 1187 4256 deinde
1197 4203 1291 4256 oculos
1301 4217 1365 4256 suos

264 4272 301 4322 od
315 4271 406 4324 ooelum
421 4279 446 4323 α
461 4275 538 4336 duit,
555 4277 651 4342 Pater,
665 4282 772 4348 gratioe
785 4297 839 4350 ugo
853 4281 910 4342 tibi.
927 4284 1052 4353 quonium
1067 4281 1196 4335 audivisti
1209 4297 1261 4336 me.
1297 4279 1364 4351 Ego
