3144 4720
69 279 204 339 -411.
464 265 690 330 DEMONST.
715 265 883 329 EVANG.
909 263 1002 328 VIII.
1017 285 1048 345 4.
1248 263 1313 332 819

211 430 339 532 λέγων,
364 443 379 512 ὁ
407 435 504 519 derbe
532 443 547 513 ὁ
575 433 706 538 ρίγας,
734 443 749 512 ὁ
777 429 1093 540 μεγαλοπτίρυγος,
1121 442 1135 511 ὁ
1165 431 1248 528 ἔχων
1276 433 1310 511 ri

210 561 329 662 ν’ίγημα
349 558 501 640 εἰσελθεῖν
523 567 568 646 είς
587 561 638 640 τον
658 562 814 653 Λίβανον,
838 568 897 638 καὶ
918 557 1093 638 ἀτίκνισε
1112 557 1159 636 τα
1177 557 1311 638 rimabit

171 682 268 776 νοτίης
289 681 410 784 κε’θρον.
469 691 595 766 Ταῦτα
622 694 710 786 γοῦν
735 688 755 763 ὁ
780 683 885 768 αὐτὸς
909 686 992 791 ἑξῆς
1017 689 1208 789 διασαφῶν
1229 688 1307 765 ε’πι·

210 808 319 909 λε’γεν,
347 811 391 889 ’ὅτ’
415 809 455 890 θον
484 809 556 924 ἔλθη
586 806 879 915 Ναβουχοθονθσορ
907 812 962 890 ἐπὶ
991 811 1219 919 Ἰερουσαλὴμ,
1249 819 1308 892 καὶ
1322 847 1351 883 ιο

210 939 307 1050 λίβη
333 934 406 1019 τους
433 935 597 1044 ἄρχοντας
622 935 735 1029 αὐτῆς,
757 940 814 1014 καὶ
839 934 885 1014 rol
907 935 999 1042 ἑξῆς.
1049 936 1171 1015 Ἀλλὰ
1197 947 1339 1016 ταῦταὶν

208 1060 274 1159 μὲν
292 1064 310 1140 ὃ
325 1063 491 1165 Ἰεζεκιὴλ
510 1067 590 1166 περὶ
608 1063 828 1165 τῆσπρώτης
845 1063 974 1163 ἐδήλου
992 1066 1209 1167 πολιορκίας,
1223 1067 1306 1164 μεθ’

209 1186 254 1286 ἣν
272 1191 292 1266 ὁ
313 1190 492 1292 Ζαχαρίας
518 1193 598 1291 περὶ
624 1194 687 1289 τῆς
713 1191 874 1294 δευτερας
900 1192 1068 1294 θεσπίζει.
1127 1192 1224 1272 Πότε
1247 1193 1309 1271 οὖν

208 1312 297 1410 μετὰ
315 1312 397 1396 τοὺς
416 1316 597 1419 Ζαχαρίου
614 1315 764 1419 χρόνους
781 1319 838 1396 ἐπὶ
863 1321 926 1414 τῆς
946 1318 1166 1398 Μακεδόνων
1190 1325 1331 1411 βασι-5

209 1439 305 1522 λείας
337 1440 551 1541 ἐμπρησμὸν
582 1439 761 1539 ὑπέμεινεν
788 1444 808 1520 ὁ
842 1441 955 1538 osuin
989 1445 1095 1522 Ἀλλ’
1117 1445 1180 1522 οὐκ
1208 1444 1308 1523 ἔστιν

169 1569 327 1643 ιιείπεῖν.
387 1564 493 1644 Μετὰ
517 1564 589 1669 γὰρ
608 1565 689 1666 ’τὴν
711 1567 780 1647 imit
802 1569 1044 1660 Βαβυλωνίων
1066 1567 1308 1670 πυρπόλησιν,

208 1691 280 1768 οὐδ’
299 1690 434 1770 ἄλλοτε
460 1694 623 1796 δευτέραν
647 1691 670 1792 ἢ
695 1692 785 1772 κατὰ
804 1699 914 1773 Τῖτον
932 1697 990 1773 καὶ
1008 1693 1308 1775 ῒΟὐεσπασιανὸν

208 1815 393 1912 Ῥωμαίων
411 1817 671 1921 αὐτοκράτορας
688 1818 754 1918 τὴν
772 1818 830 1900 διὰ
848 1819 959 1922 πυρὸς
978 1820 1137 1919 ίπείιεινε
1156 1821 1308 1924 φθορὰν,

206 1939 307 2047 ἐφῇ
333 1942 447 2022 πάλιν
474 1944 534 2024 διὰ
562 1947 768 2046 αἰνίγματος
795 1946 875 2030 τοὺς
902 1945 1018 2027 πάλαι
1044 1947 1219 2050 ἄρχοντας
1245 1956 1307 2027 τοῦ
1319 1976 1348 2011 ¹0

207 2066 328 2150 ἔθνους
356 2070 413 2148 ἐπὶ
441 2067 590 2172 θρήνους
618 2074 675 2148 καὶ
703 2069 932 2177 ὀλοφυρμοὺς
961 2073 1134 2149 ἀνακαλεῖ
1152 2068 1307 2177 φάσκων

206 2194 227 2270 ὃ
260 2191 381 2293 λόγος,
410 2195 634 2301 “ο’λολυξιίτω
666 2199 775 2291 πίτυς,
806 2192 884 2275 θιίτι
916 2194 1076 2276 πέτττωκε
1110 2195 1228 2305 ilipa,
1260 2197 1333 2278 'o'rr0

205 2322 373 2422 μεγάλως
406 2324 608 2423 μογιστῖινες
636 2321 928 2426 ἐταλαιπώρησαν.
977 2321 1191 2430 Ὀλολθξατε
1219 2321 1307 2431 θρόει

206 2444 263 2538 της
295 2443 520 2538 Βασανίτιθος,
547 2450 595 2528 ’ίτι
625 2446 847 2540 κατεσπάσθη
876 2459 890 2529 ί
922 2443 1042 2555 θρυμθς
1071 2460 1086 2530 ὁ
1115 2450 1302 2557 σθριφυτος·

205 2569 293 2676 φωνίη
317 2570 491 2677 θρηνούντων
516 2571 687 2678 ποιμένων,
707 2573 753 2653 ἰ’τι
773 2575 1063 2680 τεταλαιπωρηκεν
1088 2613 1105 2667 η
1130 2595 1327 2680 μεγαλα-5

165 2697 282 2790 sorim
307 2698 421 2778 αὐτῶν.
471 2697 564 2778 Τότε
582 2708 671 2798 γοῦν
696 2702 755 2776 καὶ
779 2698 925 2799 γέγονεν
951 2699 1233 2800 ἦἹερουσαλὴμ
1257 2705 1302 2782 ὡς

247 2840 408 2913 τοἰντείερισε]
424 2841 560 2897 ἇπέκνισεν
574 2844 603 2896 S.
619 2861 680 2897 cum
694 2842 873 2900 Theodoreto.
960 2843 1098 2910 ⁸ri1uom.
1114 2844 1142 2896 S.
1224 2841 1302 2895 tot-

205 2922 375 2994 εσπεσιονὸν]
394 2923 593 2976 Οὐεσπασιανὸν
608 2922 637 2978 P.
654 2931 685 2977 ut
698 2923 771 2994 vulg.
787 2923 814 2976 S.
896 2931 914 2962 ¹¹
928 2921 1074 2991 ὄλολιίξατο
1090 2922 1119 2979 S.

203 3040 287 3115 plane
307 3041 449 3116 significat
468 3043 512 3098 his
535 3043 637 3109 verbis,
659 3045 763 3117 Aquila
784 3045 896 3116 gramis
918 3063 1081 3118 urogaarum
1102 3046 1220 3112 olorum,
1244 3061 1302 3120 qua
1345 3060 1382 3101 as.
1395 3069 1452 3112 rm.

203 3121 283 3178 babet
297 3123 490 3181 authoritatem
506 3124 673 3198 inprediemdi
687 3127 714 3179 iu
730 3124 874 3189 Libanum,
889 3132 916 3179 et
930 3127 1026 3182 evulsit
1042 3132 1132 3180 tenero
1148 3126 1227 3182 cedri.
1263 3124 1302 3180 Et

202 3201 264 3258 baec
277 3202 338 3276 ipsa
352 3202 484 3276 deinceps
499 3204 653 3278 explanans
674 3203 749 3259 idem
770 3203 919 3277 propbeta·
934 3205 1074 3279 adjungit,
1093 3205 1183 3267 Quum
1196 3205 1300 3262 acuerit
1344 3211 1383 3253 ΕΙ·
1394 3221 1424 3262 ιν,
1436 3221 1464 3251 ¹²-

204 3281 452 3340 Nabucbadorrosor
475 3285 503 3338 ia
527 3285 707 3348 Hierusalem,
730 3290 757 3340 et
783 3287 916 3358 acceperit
940 3287 1065 3358 princeps
1092 3286 1159 3356 αρἀε,
1183 3292 1212 3340 et
1239 3303 1302 3357 quae

202 3371 366 3435 sequuntur.
411 3362 563 3428 Caeterum,
587 3362 719 3420 Ezechiel
739 3363 851 3436 quidem
874 3362 935 3418 haec
954 3363 989 3420 de
1010 3364 1100 3437 prima
1121 3364 1300 3419 Hierusalem

201 3441 350 3498 obsidione
369 3442 516 3515 praedixit:
539 3453 604 3518 post
624 3445 704 3517 cujus
726 3442 881 3498 obsidionis
898 3451 1009 3516 tempus
1030 3442 1182 3498 Zacharias
1201 3443 1236 3498 de
1258 3459 1301 3498 se-

202 3522 295 3578 cunda
309 3522 424 3579 divinat.
467 3524 589 3593 Quando
610 3524 698 3598 igitur
718 3529 783 3596 post
800 3520 944 3577 Zachariae
960 3531 1092 3597 tempora
1109 3522 1162 3578 sub
1183 3521 1301 3594 imperio

202 3601 394 3658 Macedonum
419 3604 556 3678 templum
581 3605 726 3660 incensum
751 3601 816 3658 esti
853 3600 938 3658 Certe
962 3621 1113 3675 nunquam.
1155 3601 1301 3675 Siquidem

202 3689 269 3755 post
291 3681 513 3756 Babyloniorum
535 3683 780 3757 depopulationem
806 3690 889 3756 atque
914 3681 1075 3738 incendium
1099 3682 1204 3738 nullam
1226 3680 1301 3756 ignis

202 3761 319 3818 alteram
334 3763 521 3819 vastationem
543 3782 665 3837 unquam
688 3780 820 3836 perpessa
833 3770 876 3818 est
890 3762 966 3826 urbs,
983 3761 1037 3817 nisi
1060 3761 1112 3818 sub
1128 3761 1301 3835 Vespasiano

203 3859 236 3896 ac
249 3841 316 3898 Tito
332 3842 525 3898 Romanorum
539 3842 763 3916 imperatoribus,
774 3842 811 3899 ob
826 3861 909 3916 quam
924 3859 991 3898 sane
1002 3841 1188 3898 vastatIonem
1204 3859 1300 3896 rursus

202 3922 322 3977 obscure
342 3930 371 3978 et
387 3940 438 3996 per
458 3923 565 3996 figuras
586 3941 645 3990 eos,
660 3922 707 3996 qui
728 3922 795 3977 olim
817 3922 896 3995 genti
917 3921 1102 3994 imperabant,
1117 3921 1154 3976 od
1173 3921 1299 3994 deplora-

202 4001 293 4056 tiones
316 4009 345 4057 et
365 4002 490 4058 lamenta
514 4003 615 4059 inritat
639 4002 792 4067 oraculum,
815 4001 920 4064 dicens,
946 4001 1039 4057 Ululet
1058 4003 1148 4074 pirrus,
1170 4002 1299 4075 quoniam

202 4083 298 4136 cecidit
313 4083 413 4145 cedrus.
429 4086 553 4155 quoniam
568 4099 730 4156 magnopere
743 4083 880 4154 magnifici
894 4079 990 4156 afflicti
1003 4088 1086 4135 sunt.-
1101 4083 1205 4136 ululate
1219 4099 1298 4154 quer-

203 4181 249 4217 cus
259 4161 433 4226 Basanitidis,
444 4165 569 4235 quoniam
579 4161 720 4218 convulsus
733 4169 772 4216 est
786 4161 872 4216 soltus
886 4161 1014 4223 couritur,
1023 4178 1076 4215 υοε
1091 4162 1299 4217 torreatoutium

200 4249 352 4314 partorum,
363 4245 490 4313 quoniam
501 4241 602 4315 afficta
616 4250 655 4298 est
665 4240 865 4315 mapuificeutia
877 4257 979 4295 eorum.
1002 4237 1085 4294 'l'uno
1094 4257 1161 4294 sane
1171 4240 1246 4296 sacta
1254 4248 1299 4296 est

203 4319 379 4377 Hierusalem
402 4321 481 4394 quasi
495 4320 633 4378 vestibula
654 4339 715 4394 quae
737 4319 901 4394 quatiuntur
920 4318 1052 4375 omnibus
1070 4319 1179 4393 populis
1200 4319 1229 4374 in
1244 4319 1298 4374 cir-

731 4434 814 4489 th
