3120 4716
266 227 333 296 υιι
717 229 903 294 ausuum
1347 232 1504 314 μει-

265 392 388 495 Λάγευ
406 399 503 475 θεοῦ
525 399 584 476 καὶ
605 395 785 492 δυνάμεως
810 396 1005 493 ἀσωμάτου
1029 400 1089 476 καὶ
1111 403 1233 500 νοερᾶς
1256 399 1411 495 11ἔπη-ιο

265 518 336 626 κοίῳ
364 519 542 620 γενέσθαι,
563 521 647 600 οῦδέ
666 554 702 600 τι
726 521 843 624 μεῖζον
869 529 1017 625 σαρκῶν
1041 524 1099 600 καὶ
1123 519 1304 620 σωμάτων
1321 521 1394 601 διό

240 646 468 750 ιὸφθαλμιῦν
502 646 639 748 σαρκὸς
675 649 875 746 ἐπινοῆσαι.
932 645 1040 726 Ὅσα
1075 648 1195 728 τοίνυν
1230 649 1287 726 ἐπὶ
1323 645 1366 725 τὸ

262 771 509 872 ταπεινότερον
538 769 672 878 δόξειεν
700 774 739 851 ἐν
770 779 844 858 τοῖς
872 773 1112 875 προκειμένοις
1143 775 1225 872 περὶ
1257 773 1366 850 αι’ττοῦ

263 894 447 997 λίγεσθαι,
464 904 577 976 ταῦτα
601 895 664 976 τὸν
687 895 802 993 ἀμνὸν
825 900 913 999 ὁρᾶν
936 905 999 977 τοῦ
1018 903 1114 977 Θεοῦ
1134 894 1197 976 τὸν
1219 897 1387 998 αἷρονταε

262 1019 329 1118 τὴν
346 1022 522 1123 ἁμαρτίαν
539 1030 604 1102 τοῦ
626 1020 767 1118 κόσμου
785 1025 843 1102 καὶ
864 1022 905 1102 τὸ
924 1025 1057 1120 σκῆνος
1081 1021 1123 1101 τὸ
1145 1021 1365 1124 ἀνθρώπειον

263 1145 465 1242 ὑποβάλλει
490 1154 593 1226 νοεῖν.
641 1145 777 1246 Ἀμνὸε
795 1146 860 1244 μὲν
877 1146 949 1248 γάρ
967 1145 1012 1246 ἦν
1030 1146 1139 1248 α’ίροιν
1154 1143 1219 1244 τὴν
1242 1149 1362 1248 ἀμορ-

261 1275 342 1352 τίαν
373 1283 437 1354 τοῦ
468 1273 609 1372 κόσμου
640 1270 731 1353 κατὰ
763 1272 826 1352 τὸν
858 1259 1065 1366 βαπτιστήν
1096 1269 1265 1369 Ἰωάννην
1299 1270 1364 1350 τὸν

262 1391 504 1497 λε’γοντα,Ἷάε
529 1407 544 1478 ί
569 1397 673 1500 &perir
693 1399 745 1476 τοῦ
763 1399 861 1487 Θεοῦ,
882 1405 897 1476 i
923 1399 1018 1503 ιιίρυι
1041 1393 1094 1486 τάν
1117 1399 1287 1500 ἁμαρτίαι
1308 1398 1363 1474 τοῦ

263 1521 531 1627 κίσμου,·ἀμνὸς
559 1521 597 1602 δὲ
624 1520 745 1621 ἦνκαὶ
773 1523 793 1600 ὁ
821 1525 878 1602 ἐπὶ
900 1518 1052 1628 σφαγὴν
1078 1518 1250 1622 ἀγόμενος
1273 1519 1364 1598 κατὰ
1376 1561 1405 1596 ιο

260 1645 303 1728 τῦ
329 1647 430 1752 παρὰ
457 1655 508 1755 τῷ
525 1650 666 1753 Ἠσαίᾳ
691 1647 819 1747 λόγιον
839 1643 1015 1752 οφάσκον,
1034 1649 1079 1730 ῦς
1107 1649 1279 1753 πρίβιιτιι
1306 1647 1363 1724 ἐπὶ

261 1773 402 1880 σφογῆν
420 1771 514 1872 ἤχθη,
537 1785 595 1854 καὶ
622 1778 667 1859 ὡς
685 1774 791 1878 ιὶμνλς
809 1773 944 1853 εἰιιιτίον
966 1775 1021 1852 τοῦ
1046 1775 1196 1878 κείροντος
1216 1768 1360 1876 locros.

237 1902 352 2002 τΠερὶ
376 1907 439 1979 τοῦ
465 1901 573 1980 αὑτοῦ
599 1898 637 1978 δὲ
662 1901 710 1984 ἀς
728 1903 808 1999 περὶ
836 1902 950 1996 ἀμνοῦ
974 1897 1116 1999 ἐλέγετο
1141 1900 1199 1975 καὶ
1219 1895 1273 1992 τὸ,
1291 1897 1393 1977 ἀπλά

260 2023 322 2105 ruit
340 2025 511 2130 ἀμαρτιιῦι
528 2027 582 2104 τοῦ
598 2027 685 2104 λαοῦ
708 2061 774 2129 μου
798 2021 879 2122 ἤχθη
898 2031 943 2110 είς
962 2022 1110 2104 θοίνατοι.
1163 2020 1265 2102 Ἔδει
1293 2022 1363 2124 γὰρ

259 2146 323 2231 τὸν
350 2147 465 2248 ἀμνὸν
492 2157 555 2230 τοῦ
583 2155 689 2246 θεοῦ,
707 2147 771 2230 τὸν
799 2148 867 2229 ὑπὸ
895 2157 959 2229 τοῦ
986 2146 1150 2250 μεγάλου
1176 2147 1364 2252 ἀρχιερέως

260 2273 516 2380 ἀναληφθέντα
548 2274 636 2376 ὑπὲρ
670 2281 744 2354 τῶν
771 2281 909 2355 λοιπῶν
936 2280 1125 2376 συγγενῶν
1155 2276 1276 2372 ἀμνιῦν
1303 2277 1384 2358 acis

260 2401 348 2504 ὑπὲρ
378 2400 501 2500 πάσης
526 2404 589 2499 τῆς
619 2400 842 2502 ἀνθρουτίιητ
873 2399 1017 2500 ἀγέλης,
1041 2403 1171 2480 θυσίαν
1200 2404 1253 2506 τῷ
1279 2405 1363 2505 Θεῷ

237 2529 523 2630 οπροσαχθῆναι.
581 2521 718 2619 ‘Excedit
744 2525 814 2634 γάρ
838 2521 878 2606 di'
898 2523 1063 2631 ἀνθράπου
1090 2535 1105 2605 i
1129 2523 1279 2616 θιίιιιτιε,
1302 2543 1361 2605 καὶ

260 2649 302 2734 di’
314 2651 478 2759 ἀνίροίπου
496 2691 514 2747 η
532 2651 723 2737 ἀνιίστιισις
742 2690 759 2746 η
778 2653 817 2731 ἐκ
834 2651 956 2758 νεκριῦι,
972 2653 1088 2754 φησὶν
1103 2653 1123 2731 ὁ
1141 2649 1359 2734 ἀπόστολος·

263 2782 327 2895 καὶ
347 2776 457 2882 ἶίσπερ
483 2773 522 2858 ἀί
543 2777 608 2861 ivis
632 2777 919 2884 παραπτώματος
947 2785 993 2861 είς
1018 2775 1154 2861 votvm
1180 2775 1361 2882 ἀνθριίπους
1373 2817 1403 2851 ιο

322 2900 327 2914 ·
587 2945 602 2976 ¹¹
616 2938 727 3006 ἐπηκόου
740 2936 771 2992 P.
854 2938 996 3008 οφάσεοιυ
1006 2937 1035 2992 S.

261 3062 337 3136 quod
361 3063 446 3118 etiam
471 3081 536 3119 cum
558 3063 682 3120 humana
702 3071 804 3120 natura
824 3063 1026 3121 commercium
1046 3063 1155 3128 habuit,
1174 3083 1237 3139 quae
1258 3063 1362 3139 alioqui

261 3159 352 3215 neque
377 3142 430 3200 Dei
458 3141 585 3198 Verbum
613 3161 705 3218 neque
733 3144 790 3200 vim
819 3143 1014 3218 incorpoream
1042 3151 1127 3218 utque
1155 3144 1362 3218 intelligentem

260 3221 395 3280 exaudire
409 3231 458 3280 aut
472 3223 615 3298 percipere
635 3223 783 3298 potuieeet,
798 3241 889 3298 neque
910 3224 1058 3298 quicquam
1078 3241 1164 3299 supra
1179 3242 1294 3280 carnem
1315 3231 1364 3279 aut

261 3321 364 3378 corpua
386 3321 436 3376 per
450 3302 548 3360 oculos
567 3301 694 3377 corporis
708 3303 821 3361 intueri.
863 3303 1047 3378 Quaecunque
1061 3303 1149 3377 igitur
1162 3303 1199 3361 de
1212 3303 1261 3360 illo
1275 3304 1305 3359 in
1319 3303 1363 3359 hia

262 3402 325 3461 qum
339 3401 415 3440 nunc
428 3391 584 3440 tractemus
605 3383 739 3439 humilius
759 3382 952 3458 abjectiusque
970 3384 1025 3440 dici
1039 3383 1219 3447 videbuntur,
1234 3402 1268 3440 ea
1282 3401 1363 3458 apec-

261 3473 323 3520 tare
334 3482 441 3539 agnum
455 3463 518 3530 Dei,
529 3463 576 3538 qui
590 3463 665 3520 tollit
679 3471 826 3536 peceatum
838 3463 944 3527 mundi,
954 3481 1110 3538 corpusque
1125 3463 1193 3520 illud
1208 3463 1363 3519 humanum

262 3543 427 3600 memininee
455 3543 606 3618 oportebit.
659 3542 761 3616 Agnus
788 3543 836 3600 ille
863 3543 975 3618 quidem
1005 3543 1058 3600 fuit
1085 3543 1189 3600 tollens
1215 3551 1363 3617 peccatum

114 3641 134 3672 0.
146 3643 163 3680 ι,
198 3661 202 3672 .
263 3624 370 3690 mundi,
395 3631 427 3679 ut
450 3622 580 3696 Baptista
601 3621 728 3678 Joaunec
750 3622 871 3689 dicebat,
897 3623 980 3687 Ecce,
998 3623 1097 3697 inquit,
1118 3641 1206 3696 agnae
1227 3623 1293 3686 Dei,
1316 3625 1363 3696 pui

264 3704 336 3759 tollit
347 3712 492 3778 peccatum
505 3703 610 3766 mundi.
624 3719 715 3775 agnus
731 3702 801 3760 item
820 3702 857 3759 ad
875 3703 981 3760 caedem
996 3702 1107 3766 ductus.
1122 3709 1154 3758 ut
1167 3710 1212 3758 eet
1225 3701 1255 3757 in
1270 3701 1363 3757 Esaia

116 3800 134 3830 ι
169 3819 204 3839 0·
262 3783 409 3858 prophete
424 3782 548 3850 oraculo,
563 3780 638 3856 quod
655 3781 694 3838 ita
715 3782 763 3847 eit,
780 3782 920 3855 Τοιιηιιοοι
934 3784 991 3838 ocia
1004 3785 1042 3838 ad
1055 3783 1150 3839 cedem
1164 3783 1260 3838 αιτιοι
1272 3788 1321 3846 αι,
1336 3789 1364 3837 et

264 3870 392 3936 tunquam
415 3879 503 3936 agam
523 3880 615 3920 eoram
637 3863 763 3918 tondente
781 3861 922 3919 obmutuit.
966 3863 1012 3919 De
1031 3861 1132 3919 eodem
1146 3877 1213 3917 vero
1227 3869 1362 3934 tanquam

129 3985 134 3996 .
170 3983 203 4006 ‚.
262 3941 298 3998 de
312 3959 387 4015 agno
402 3941 486 3999 etiam
500 3942 569 3998 illud
583 3940 690 3997 dictum
705 3948 758 4006 eat,
774 3941 822 3997 Ex
837 3945 957 4015 percotis
977 3941 1074 4016 populi
1088 3941 1142 3997 mei
1162 3943 1261 3996 duetus
1272 3947 1312 3996 ar
1326 3942 1364 3995 cci

261 4028 393 4077 mortem:
417 4022 565 4094 oportebat
587 4021 663 4077 enim
687 4039 793 4095 agnum
817 4020 882 4087 Dei,
906 4022 954 4094 qui
974 4041 992 4077 ο
1012 4019 1137 4077 maximo
1163 4019 1296 4095 pontifice
1317 4037 1362 4076 οε-

261 4107 391 4172 cumptuc
415 4098 515 4162 fuerat,
540 4119 592 4173 pro
614 4101 728 4175 reliquia
752 4101 882 4175 cognatis
904 4101 987 4174 agnis
1008 4109 1037 4157 et
1058 4119 1110 4174 pro
1135 4099 1212 4156 omni
1237 4099 1363 4156 humano

100 4191 163 4230 icor.
173 4197 240 4238 15¹1.
261 4193 351 4250 grege
368 4177 430 4230 Deo
447 4176 590 4233 victimam
608 4179 711 4236 afferri.
757 4181 829 4236 Num
850 4183 977 4252 quoniam
993 4199 1047 4254 per
1060 4180 1192 4237 homiaem
1213 4197 1295 4242 πιοτε,
1313 4195 1364 4250 ρετ

98 4259 160 4301 am.
168 4269 186 4310 s.
197 4263 226 4301 ¹⁸·
262 4253 396 4309 hominem
419 4255 501 4307 etium
522 4258 681 4310 rerurrectio
698 4275 716 4312 ο
737 4261 860 4324 mortuis,
878 4259 970 4331 iuquit
992 4259 1146 4334 apostolus,
1169 4267 1196 4316 et
1216 4261 1289 4316 aicut
1311 4276 1363 4331 per
