<?xml version="1.0" encoding="UTF-8"?>
<!DOCTYPE html PUBLIC "-//W3C//DTD XHTML 1.0 Transitional//EN"
    "http://www.w3.org/TR/xhtml1/DTD/xhtml1-transitional.dtd">
<html xmlns="http://www.w3.org/1999/xhtml" xml:lang="en" lang="en">
 <head>
  <title>
</title>
<meta http-equiv="Content-Type" content="text/html;charset=utf-8" />
  <meta name='ocr-system' content='tesseract 3.04.00' />
  <meta name='ocr-capabilities' content='ocr_page ocr_carea ocr_par ocr_line ocrx_word'/>
</head>
<body>
  <div class='ocr_page' id='page_1' title='image "./evangelicaedemo00donagoog/evangelicaedemo00donagoog_0193.png"; bbox 0 0 3130 4722; ppageno 0'>
   <div class='ocr_carea' id='block_1_1' title="bbox 232 215 1484 304">
    <p class='ocr_par' dir='ltr' id='par_1_1' title="bbox 232 215 1484 304">
     <span class='ocr_line' id='line_1_1' title="bbox 232 215 1484 304; baseline -0.001 -23"><span class='ocrx_word' id='word_1_1' title='bbox 232 219 295 283; x_wconf 78' lang='grc' dir='ltr'><strong>τοι</strong></span> <span class='ocrx_word' id='word_1_2' title='bbox 679 215 864 280; x_wconf 75' lang='lat' dir='ltr'><strong>susurrii</strong></span> <span class='ocrx_word' id='word_1_3' title='bbox 1309 231 1484 304; x_wconf 59' lang='grc' dir='ltr'><strong>Μῃ-</strong></span> 
     </span>
    </p>
   </div>
   <div class='ocr_carea' id='block_1_2' title="bbox 194 373 1455 2492">
    <p class='ocr_par' dir='ltr' id='par_1_2' title="bbox 194 373 1455 2492">
     <span class='ocr_line' id='line_1_2' title="bbox 229 373 1373 481; baseline 0 -29"><span class='ocrx_word' id='word_1_4' title='bbox 229 373 294 470; x_wconf 82' lang='grc' dir='ltr'><strong>μὲν</strong></span> <span class='ocrx_word' id='word_1_5' title='bbox 312 373 645 474; x_wconf 81' lang='grc' dir='ltr'>ἐπιβεβουλευμένη,</span> <span class='ocrx_word' id='word_1_6' title='bbox 665 375 741 481; x_wconf 81' lang='grc' dir='ltr'>θείᾳ</span> <span class='ocrx_word' id='word_1_7' title='bbox 760 375 797 454; x_wconf 84' lang='grc' dir='ltr'><strong>δὲ</strong></span> <span class='ocrx_word' id='word_1_8' title='bbox 823 380 880 455; x_wconf 86' lang='grc' dir='ltr'><strong>καὶ</strong></span> <span class='ocrx_word' id='word_1_9' title='bbox 905 374 990 477; x_wconf 73' lang='grc' dir='ltr'>ὑπὲρ</span> <span class='ocrx_word' id='word_1_10' title='bbox 1009 377 1199 479; x_wconf 80' lang='grc' dir='ltr'>ἄνθρωπον</span> <span class='ocrx_word' id='word_1_11' title='bbox 1217 374 1326 455; x_wconf 83' lang='grc' dir='ltr'>δυνά·</span> <span class='ocrx_word' id='word_1_12' title='bbox 1342 419 1373 452; x_wconf 80' lang='grc' dir='ltr'><strong>ιο</strong></span> 
     </span>
     <span class='ocr_line' id='line_1_3' title="bbox 230 499 1363 605; baseline 0.001 -26"><span class='ocrx_word' id='word_1_13' title='bbox 230 535 287 594; x_wconf 87' lang='grc' dir='ltr'>μει</span> <span class='ocrx_word' id='word_1_14' title='bbox 306 499 347 578; x_wconf 84' lang='grc' dir='ltr'><strong>τὸ</strong></span> <span class='ocrx_word' id='word_1_15' title='bbox 366 501 487 580; x_wconf 78' lang='grc' dir='ltr'>ἔνθεον</span> <span class='ocrx_word' id='word_1_16' title='bbox 510 507 568 580; x_wconf 90' lang='grc' dir='ltr'><strong>καὶ</strong></span> <span class='ocrx_word' id='word_1_17' title='bbox 595 500 771 600; x_wconf 76' lang='grc' dir='ltr'>ἀήττητον</span> <span class='ocrx_word' id='word_1_18' title='bbox 791 505 853 599; x_wconf 80' lang='grc' dir='ltr'><strong>τῆς</strong></span> <span class='ocrx_word' id='word_1_19' title='bbox 870 502 951 602; x_wconf 85' lang='grc' dir='ltr'>περὶ</span> <span class='ocrx_word' id='word_1_20' title='bbox 977 501 1084 579; x_wconf 82' lang='grc' dir='ltr'>αὐτοῦ</span> <span class='ocrx_word' id='word_1_21' title='bbox 1112 502 1363 605; x_wconf 76' lang='grc' dir='ltr'>προφητείοςᾱ</span> 
     </span>
     <span class='ocr_line' id='line_1_4' title="bbox 195 624 1331 726; baseline 0.002 -23"><span class='ocrx_word' id='word_1_22' title='bbox 195 625 438 710; x_wconf 78' lang='grc' dir='ltr'><strong>1οοίιιολούθως</strong></span> <span class='ocrx_word' id='word_1_23' title='bbox 469 626 740 726; x_wconf 75' lang='grc' dir='ltr'>ἐπιδεικνυμένη.</span> <span class='ocrx_word' id='word_1_24' title='bbox 803 631 847 704; x_wconf 80' lang='grc' dir='ltr'><strong>Εἰ</strong></span> <span class='ocrx_word' id='word_1_25' title='bbox 881 624 918 704; x_wconf 73' lang='grc' dir='ltr'><strong>δὲ</strong></span> <span class='ocrx_word' id='word_1_26' title='bbox 951 624 1107 724; x_wconf 76' lang='grc' dir='ltr'>ὀμνύντα</span> <span class='ocrx_word' id='word_1_27' title='bbox 1139 624 1202 705; x_wconf 80' lang='grc' dir='ltr'><strong>τὸν</strong></span> <span class='ocrx_word' id='word_1_28' title='bbox 1235 625 1331 705; x_wconf 83' lang='grc' dir='ltr'>Θεὸν</span> 
     </span>
     <span class='ocr_line' id='line_1_5' title="bbox 230 749 1330 852; baseline 0.004 -22"><span class='ocrx_word' id='word_1_29' title='bbox 230 752 365 835; x_wconf 81' lang='grc' dir='ltr'>ἀκούεις</span> <span class='ocrx_word' id='word_1_30' title='bbox 385 751 476 831; x_wconf 80' lang='grc' dir='ltr'>κατὰ</span> <span class='ocrx_word' id='word_1_31' title='bbox 493 760 557 830; x_wconf 92' lang='grc' dir='ltr'><strong>τοῦ</strong></span> <span class='ocrx_word' id='word_1_32' title='bbox 575 753 678 852; x_wconf 82' lang='grc' dir='ltr'>ἁγίου</span> <span class='ocrx_word' id='word_1_33' title='bbox 697 753 815 846; x_wconf 86' lang='grc' dir='ltr'>αὑτοῦ,</span> <span class='ocrx_word' id='word_1_34' title='bbox 829 754 877 834; x_wconf 84' lang='grc' dir='ltr'><strong>ὡς</strong></span> <span class='ocrx_word' id='word_1_35' title='bbox 890 749 1025 852; x_wconf 82' lang='grc' dir='ltr'>πατρὸς</span> <span class='ocrx_word' id='word_1_36' title='bbox 1041 751 1144 831; x_wconf 77' lang='grc' dir='ltr'>ἄκουε</span> <span class='ocrx_word' id='word_1_37' title='bbox 1159 751 1330 848; x_wconf 72' lang='grc' dir='ltr'>ὀμνύντος</span> 
     </span>
     <span class='ocr_line' id='line_1_6' title="bbox 229 875 1353 981; baseline 0.001 -27"><span class='ocrx_word' id='word_1_38' title='bbox 229 876 321 955; x_wconf 81' lang='grc' dir='ltr'>κατὰ</span> <span class='ocrx_word' id='word_1_39' title='bbox 338 886 402 956; x_wconf 88' lang='grc' dir='ltr'><strong>τοῦ</strong></span> <span class='ocrx_word' id='word_1_40' title='bbox 420 883 516 956; x_wconf 85' lang='grc' dir='ltr'>Θεοῦ</span> <span class='ocrx_word' id='word_1_41' title='bbox 536 875 667 977; x_wconf 89' lang='grc' dir='ltr'>Λόγου,</span> <span class='ocrx_word' id='word_1_42' title='bbox 686 885 749 956; x_wconf 91' lang='grc' dir='ltr'><strong>τοῦ</strong></span> <span class='ocrx_word' id='word_1_43' title='bbox 767 875 913 956; x_wconf 87' lang='grc' dir='ltr'>πάντων</span> <span class='ocrx_word' id='word_1_44' title='bbox 937 877 1074 955; x_wconf 75' lang='grc' dir='ltr'>αἰώνων</span> <span class='ocrx_word' id='word_1_45' title='bbox 1092 883 1353 981; x_wconf 54' lang='lat' dir='ltr'><strong>conmiserat-5</strong></span> 
     </span>
     <span class='ocr_line' id='line_1_7' title="bbox 228 1001 1329 1103; baseline 0.005 -23"><span class='ocrx_word' id='word_1_46' title='bbox 228 1036 300 1099; x_wconf 89' lang='grc' dir='ltr'>τος,</span> <span class='ocrx_word' id='word_1_47' title='bbox 325 1004 428 1103; x_wconf 81' lang='grc' dir='ltr'>ἁγίου</span> <span class='ocrx_word' id='word_1_48' title='bbox 458 1006 517 1082; x_wconf 84' lang='grc' dir='ltr'><strong>καὶ</strong></span> <span class='ocrx_word' id='word_1_49' title='bbox 546 1011 758 1103; x_wconf 78' lang='grc' dir='ltr'>μονογενοῦς</span> <span class='ocrx_word' id='word_1_50' title='bbox 786 1004 894 1080; x_wconf 84' lang='grc' dir='ltr'>αὑτοῦ</span> <span class='ocrx_word' id='word_1_51' title='bbox 922 1001 1057 1098; x_wconf 84' lang='grc' dir='ltr'>παιδὸς,</span> <span class='ocrx_word' id='word_1_52' title='bbox 1087 1001 1129 1082; x_wconf 79' lang='grc' dir='ltr'><strong>ὃν</strong></span> <span class='ocrx_word' id='word_1_53' title='bbox 1159 1002 1329 1085; x_wconf 85' lang='grc' dir='ltr'>ποικίλως</span> 
     </span>
     <span class='ocr_line' id='line_1_8' title="bbox 229 1126 1326 1235; baseline 0.002 -29"><span class='ocrx_word' id='word_1_54' title='bbox 229 1126 473 1228; x_wconf 83' lang='grc' dir='ltr'>ε’θεολύγησαν</span> <span class='ocrx_word' id='word_1_55' title='bbox 491 1133 527 1207; x_wconf 81' lang='grc' dir='ltr'><strong>αὶ</strong></span> <span class='ocrx_word' id='word_1_56' title='bbox 545 1127 707 1229; x_wconf 89' lang='grc' dir='ltr'>πρόσθεν</span> <span class='ocrx_word' id='word_1_57' title='bbox 727 1129 809 1226; x_wconf 80' lang='grc' dir='ltr'>ἡμῖν</span> <span class='ocrx_word' id='word_1_58' title='bbox 826 1135 1080 1230; x_wconf 85' lang='grc' dir='ltr'>παρατεθεῖσαι</span> <span class='ocrx_word' id='word_1_59' title='bbox 1100 1131 1228 1235; x_wconf 80' lang='grc' dir='ltr'>φωναὶ,</span> <span class='ocrx_word' id='word_1_60' title='bbox 1244 1132 1326 1208; x_wconf 84' lang='grc' dir='ltr'>καθ’</span> 
     </span>
     <span class='ocr_line' id='line_1_9' title="bbox 229 1252 1325 1356; baseline 0.003 -25"><span class='ocrx_word' id='word_1_61' title='bbox 229 1254 271 1332; x_wconf 85' lang='grc' dir='ltr'><strong>οῦ</strong></span> <span class='ocrx_word' id='word_1_62' title='bbox 296 1252 448 1350; x_wconf 81' lang='grc' dir='ltr'>ὄμνυσιν</span> <span class='ocrx_word' id='word_1_63' title='bbox 473 1255 493 1332; x_wconf 86' lang='grc' dir='ltr'><strong>ὁ</strong></span> <span class='ocrx_word' id='word_1_64' title='bbox 513 1252 605 1337; x_wconf 80' lang='grc' dir='ltr'>Θεὸς</span> <span class='ocrx_word' id='word_1_65' title='bbox 624 1257 680 1332; x_wconf 78' lang='grc' dir='ltr'><strong>καὶ</strong></span> <span class='ocrx_word' id='word_1_66' title='bbox 708 1253 827 1354; x_wconf 85' lang='grc' dir='ltr'>πατὴρ</span> <span class='ocrx_word' id='word_1_67' title='bbox 856 1256 975 1349; x_wconf 81' lang='grc' dir='ltr'>αὑτοῦ,</span> <span class='ocrx_word' id='word_1_68' title='bbox 995 1257 1042 1337; x_wconf 76' lang='grc' dir='ltr'><strong>ὡς</strong></span> <span class='ocrx_word' id='word_1_69' title='bbox 1067 1253 1158 1333; x_wconf 81' lang='grc' dir='ltr'>κατὰ</span> <span class='ocrx_word' id='word_1_70' title='bbox 1182 1257 1325 1356; x_wconf 80' lang='grc' dir='ltr'>ἠγαπη-</span> 
     </span>
     <span class='ocr_line' id='line_1_10' title="bbox 228 1378 1330 1482; baseline 0.001 -24"><span class='ocrx_word' id='word_1_71' title='bbox 228 1381 346 1478; x_wconf 71' lang='grc' dir='ltr'>μένον,</span> <span class='ocrx_word' id='word_1_72' title='bbox 378 1378 442 1460; x_wconf 84' lang='grc' dir='ltr'><strong>τὸν</strong></span> <span class='ocrx_word' id='word_1_73' title='bbox 476 1383 516 1458; x_wconf 86' lang='grc' dir='ltr'><strong>ἐκ</strong></span> <span class='ocrx_word' id='word_1_74' title='bbox 550 1379 758 1482; x_wconf 73' lang='grc' dir='ltr'>σπέρματος</span> <span class='ocrx_word' id='word_1_75' title='bbox 791 1383 914 1473; x_wconf 64' lang='lat' dir='ltr'><strong>unfit&amp;</strong></span> <span class='ocrx_word' id='word_1_76' title='bbox 946 1379 1009 1459; x_wconf 84' lang='grc' dir='ltr'><strong>τὸν</strong></span> <span class='ocrx_word' id='word_1_77' title='bbox 1042 1381 1187 1482; x_wconf 76' lang='grc' dir='ltr'>ἄπειρον</span> <span class='ocrx_word' id='word_1_78' title='bbox 1219 1387 1330 1460; x_wconf 71' lang='lat' dir='ltr'><strong>ninive</strong></span> 
     </span>
     <span class='ocr_line' id='line_1_11' title="bbox 229 1503 1375 1613; baseline 0.001 -27"><span class='ocrx_word' id='word_1_79' title='bbox 229 1506 408 1613; x_wconf 81' lang='grc' dir='ltr'>δοξάσειν·</span> <span class='ocrx_word' id='word_1_80' title='bbox 439 1505 459 1586; x_wconf 84' lang='lat' dir='ltr'><strong>b</strong></span> <span class='ocrx_word' id='word_1_81' title='bbox 485 1510 542 1585; x_wconf 86' lang='grc' dir='ltr'><strong>καὶ</strong></span> <span class='ocrx_word' id='word_1_82' title='bbox 568 1507 714 1607; x_wconf 83' lang='grc' dir='ltr'>γε’γονεν</span> <span class='ocrx_word' id='word_1_83' title='bbox 739 1505 796 1584; x_wconf 80' lang='grc' dir='ltr'>ὅτε</span> <span class='ocrx_word' id='word_1_84' title='bbox 825 1509 844 1584; x_wconf 86' lang='grc' dir='ltr'>ὁ</span> <span class='ocrx_word' id='word_1_85' title='bbox 871 1504 992 1606; x_wconf 85' lang='grc' dir='ltr'>Λόγος</span> <span class='ocrx_word' id='word_1_86' title='bbox 1016 1503 1118 1612; x_wconf 81' lang='grc' dir='ltr'>σὰρξ</span> <span class='ocrx_word' id='word_1_87' title='bbox 1146 1504 1331 1608; x_wconf 84' lang='grc' dir='ltr'>γενόμενος</span> <span class='ocrx_word' id='word_1_88' title='bbox 1343 1554 1375 1587; x_wconf 79' lang='grc' dir='ltr'><strong>ιο</strong></span> 
     </span>
     <span class='ocr_line' id='line_1_12' title="bbox 228 1631 1327 1734; baseline 0.001 -24"><span class='ocrx_word' id='word_1_89' title='bbox 228 1631 291 1710; x_wconf 84' lang='grc' dir='ltr'><strong>τὸν</strong></span> <span class='ocrx_word' id='word_1_90' title='bbox 315 1635 352 1710; x_wconf 85' lang='grc' dir='ltr'><strong>ἐκ</strong></span> <span class='ocrx_word' id='word_1_91' title='bbox 377 1631 585 1733; x_wconf 66' lang='grc' dir='ltr'>σπέρματος</span> <span class='ocrx_word' id='word_1_92' title='bbox 611 1634 732 1724; x_wconf 75' lang='grc' dir='ltr'>Δαβίδ</span> <span class='ocrx_word' id='word_1_93' title='bbox 760 1631 934 1734; x_wconf 82' lang='grc' dir='ltr'>ἀνείληφέ</span> <span class='ocrx_word' id='word_1_94' title='bbox 957 1665 994 1710; x_wconf 89' lang='grc' dir='ltr'>τε</span> <span class='ocrx_word' id='word_1_95' title='bbox 1024 1634 1083 1709; x_wconf 75' lang='grc' dir='ltr'><strong>καὶ</strong></span> <span class='ocrx_word' id='word_1_96' title='bbox 1109 1633 1327 1730; x_wconf 83' lang='grc' dir='ltr'>ε’θεοποίησε.</span> 
     </span>
     <span class='ocr_line' id='line_1_13' title="bbox 230 1754 1331 1864; baseline -0.001 -27"><span class='ocrx_word' id='word_1_97' title='bbox 230 1757 299 1838; x_wconf 79' lang='grc' dir='ltr'><strong>Διό</strong></span> <span class='ocrx_word' id='word_1_98' title='bbox 318 1763 375 1837; x_wconf 75' lang='grc' dir='ltr'><strong>καί</strong></span> <span class='ocrx_word' id='word_1_99' title='bbox 396 1757 472 1838; x_wconf 70' lang='lat' dir='ltr'><strong>vitiu</strong></span> <span class='ocrx_word' id='word_1_100' title='bbox 489 1757 599 1837; x_wconf 74' lang='grc' dir='ltr'>αὑτὸν</span> <span class='ocrx_word' id='word_1_101' title='bbox 618 1759 821 1860; x_wconf 82' lang='grc' dir='ltr'>ἀναγορεύει</span> <span class='ocrx_word' id='word_1_102' title='bbox 841 1759 968 1859; x_wconf 78' lang='grc' dir='ltr'>λε’γων,</span> <span class='ocrx_word' id='word_1_103' title='bbox 980 1754 1073 1859; x_wconf 78' lang='grc' dir='ltr'><strong>Ἐγῦ</strong></span> <span class='ocrx_word' id='word_1_104' title='bbox 1098 1758 1219 1861; x_wconf 76' lang='grc' dir='ltr'>ἔσομαι</span> <span class='ocrx_word' id='word_1_105' title='bbox 1240 1765 1331 1864; x_wconf 77' lang='grc' dir='ltr'>αὐτῷ</span> 
     </span>
     <span class='ocr_line' id='line_1_14' title="bbox 194 1882 1327 1990; baseline 0.001 -30"><span class='ocrx_word' id='word_1_106' title='bbox 194 1894 275 1972; x_wconf 65' lang='lat' dir='ltr'><strong>uris</strong></span> <span class='ocrx_word' id='word_1_107' title='bbox 304 1885 447 1990; x_wconf 81' lang='grc' dir='ltr'>πατέριι,</span> <span class='ocrx_word' id='word_1_108' title='bbox 470 1893 529 1964; x_wconf 66' lang='grc' dir='ltr'><strong>καὶ</strong></span> <span class='ocrx_word' id='word_1_109' title='bbox 560 1883 657 1968; x_wconf 73' lang='lat' dir='ltr'><strong>ebrit</strong></span> <span class='ocrx_word' id='word_1_110' title='bbox 687 1885 782 1965; x_wconf 69' lang='grc' dir='ltr'>ἔσται</span> <span class='ocrx_word' id='word_1_111' title='bbox 809 1893 867 1988; x_wconf 72' lang='grc' dir='ltr'><strong>μοὶ</strong></span> <span class='ocrx_word' id='word_1_112' title='bbox 898 1893 943 1968; x_wconf 76' lang='grc' dir='ltr'>είς</span> <span class='ocrx_word' id='word_1_113' title='bbox 971 1887 1045 1963; x_wconf 81' lang='grc' dir='ltr'>υἱίν.</span> <span class='ocrx_word' id='word_1_114' title='bbox 1105 1885 1177 1962; x_wconf 84' lang='grc' dir='ltr'><strong>Καὶ</strong></span> <span class='ocrx_word' id='word_1_115' title='bbox 1204 1882 1327 1981; x_wconf 78' lang='grc' dir='ltr'>πάλιν,</span> 
     </span>
     <span class='ocr_line' id='line_1_15' title="bbox 231 2007 1369 2115; baseline -0.004 -27"><span class='ocrx_word' id='word_1_116' title='bbox 231 2011 340 2112; x_wconf 74' lang='grc' dir='ltr'><strong>Κάγὼ</strong></span> <span class='ocrx_word' id='word_1_117' title='bbox 365 2013 568 2115; x_wconf 83' lang='grc' dir='ltr'>πρωτίτικον</span> <span class='ocrx_word' id='word_1_118' title='bbox 594 2007 734 2114; x_wconf 72' lang='grc' dir='ltr'>θύσομαι</span> <span class='ocrx_word' id='word_1_119' title='bbox 761 2014 867 2090; x_wconf 83' lang='grc' dir='ltr'>αὐτίν.</span> <span class='ocrx_word' id='word_1_120' title='bbox 927 2015 1061 2113; x_wconf 81' lang='grc' dir='ltr'>Σαφῶς</span> <span class='ocrx_word' id='word_1_121' title='bbox 1079 2019 1268 2112; x_wconf 85' lang='grc' dir='ltr'>τοιγαροῦν</span> <span class='ocrx_word' id='word_1_122' title='bbox 1291 2013 1328 2090; x_wconf 85' lang='grc' dir='ltr'><strong>ἐκ</strong></span> <span class='ocrx_word' id='word_1_123' title='bbox 1340 2051 1369 2097; x_wconf 87' lang='lat'><strong>15</strong></span> 
     </span>
     <span class='ocr_line' id='line_1_16' title="bbox 228 2133 1455 2238; baseline 0.004 -23"><span class='ocrx_word' id='word_1_124' title='bbox 228 2137 364 2216; x_wconf 88' lang='grc' dir='ltr'>τούτων</span> <span class='ocrx_word' id='word_1_125' title='bbox 392 2137 412 2214; x_wconf 88' lang='grc' dir='ltr'><strong><em>ὁ</em></strong></span> <span class='ocrx_word' id='word_1_126' title='bbox 443 2133 515 2219; x_wconf 75' lang='lat' dir='ltr'><strong>uiris</strong></span> <span class='ocrx_word' id='word_1_127' title='bbox 541 2144 604 2214; x_wconf 91' lang='grc' dir='ltr'><strong>τοῦ</strong></span> <span class='ocrx_word' id='word_1_128' title='bbox 634 2142 730 2215; x_wconf 86' lang='grc' dir='ltr'>Θεοῦ</span> <span class='ocrx_word' id='word_1_129' title='bbox 757 2139 777 2214; x_wconf 87' lang='grc' dir='ltr'><strong>ὁ</strong></span> <span class='ocrx_word' id='word_1_130' title='bbox 805 2134 1029 2238; x_wconf 81' lang='grc' dir='ltr'>πρωτότοκος</span> <span class='ocrx_word' id='word_1_131' title='bbox 1057 2139 1095 2214; x_wconf 85' lang='grc' dir='ltr'><strong>ἐκ</strong></span> <span class='ocrx_word' id='word_1_132' title='bbox 1122 2135 1329 2236; x_wconf 80' lang='grc' dir='ltr'>σπέρματος</span> <span class='ocrx_word' id='word_1_133' title='bbox 1337 2165 1370 2229; x_wconf 83' lang='lat' dir='ltr'><strong>p·</strong></span> <span class='ocrx_word' id='word_1_134' title='bbox 1380 2161 1455 2231; x_wconf 84' lang='grc'><strong>353</strong></span> 
     </span>
     <span class='ocr_line' id='line_1_17' title="bbox 230 2259 1328 2364; baseline -0.002 -22"><span class='ocrx_word' id='word_1_135' title='bbox 230 2263 379 2342; x_wconf 77' lang='grc' dir='ltr'>ἔσεσθαι</span> <span class='ocrx_word' id='word_1_136' title='bbox 399 2264 520 2354; x_wconf 77' lang='grc' dir='ltr'>Δαβὶδ</span> <span class='ocrx_word' id='word_1_137' title='bbox 538 2262 724 2364; x_wconf 78' lang='grc' dir='ltr'>ἀνείρηται,</span> <span class='ocrx_word' id='word_1_138' title='bbox 742 2260 836 2341; x_wconf 79' lang='grc' dir='ltr'>ὥστε</span> <span class='ocrx_word' id='word_1_139' title='bbox 855 2262 916 2340; x_wconf 77' lang='grc' dir='ltr'><strong>ἕνα</strong></span> <span class='ocrx_word' id='word_1_140' title='bbox 942 2265 1000 2342; x_wconf 80' lang='grc' dir='ltr'><strong>καὶ</strong></span> <span class='ocrx_word' id='word_1_141' title='bbox 1023 2261 1086 2341; x_wconf 87' lang='grc' dir='ltr'><strong>τὸν</strong></span> <span class='ocrx_word' id='word_1_142' title='bbox 1111 2259 1219 2341; x_wconf 80' lang='grc' dir='ltr'>αὐτὸν</span> <span class='ocrx_word' id='word_1_143' title='bbox 1243 2260 1328 2341; x_wconf 80' lang='grc' dir='ltr'>εἶναι</span> 
     </span>
     <span class='ocr_line' id='line_1_18' title="bbox 230 2385 1329 2492; baseline 0.001 -26"><span class='ocrx_word' id='word_1_144' title='bbox 230 2387 294 2466; x_wconf 79' lang='grc' dir='ltr'><strong>τὸν</strong></span> <span class='ocrx_word' id='word_1_145' title='bbox 313 2387 388 2466; x_wconf 77' lang='grc' dir='ltr'>υἱὸν</span> <span class='ocrx_word' id='word_1_146' title='bbox 406 2395 469 2466; x_wconf 90' lang='grc' dir='ltr'><strong>τοῦ</strong></span> <span class='ocrx_word' id='word_1_147' title='bbox 487 2389 609 2481; x_wconf 76' lang='grc' dir='ltr'>Δαβίδ</span> <span class='ocrx_word' id='word_1_148' title='bbox 626 2393 677 2492; x_wconf 76' lang='grc' dir='ltr'><strong>τῷ</strong></span> <span class='ocrx_word' id='word_1_149' title='bbox 695 2392 790 2466; x_wconf 93' lang='grc' dir='ltr'>Θεοῦ</span> <span class='ocrx_word' id='word_1_150' title='bbox 808 2392 881 2491; x_wconf 77' lang='grc' dir='ltr'><strong>υἱῲ,</strong></span> <span class='ocrx_word' id='word_1_151' title='bbox 900 2389 958 2466; x_wconf 82' lang='grc' dir='ltr'><strong>καὶ</strong></span> <span class='ocrx_word' id='word_1_152' title='bbox 976 2386 1040 2466; x_wconf 83' lang='grc' dir='ltr'><strong>τὸν</strong></span> <span class='ocrx_word' id='word_1_153' title='bbox 1059 2385 1134 2466; x_wconf 83' lang='grc' dir='ltr'>υίῦν</span> <span class='ocrx_word' id='word_1_154' title='bbox 1152 2396 1216 2466; x_wconf 89' lang='grc' dir='ltr'><strong>τοῦ</strong></span> <span class='ocrx_word' id='word_1_155' title='bbox 1234 2393 1329 2467; x_wconf 89' lang='grc' dir='ltr'>Θεοῦ</span> 
     </span>
    </p>
   </div>
   <div class='ocr_carea' id='block_1_3' title="bbox 231 2509 1353 2620">
    <p class='ocr_par' dir='ltr' id='par_1_3' title="bbox 231 2509 1353 2620">
     <span class='ocr_line' id='line_1_19' title="bbox 231 2509 1353 2620; baseline -0.003 -28"><span class='ocrx_word' id='word_1_156' title='bbox 231 2519 282 2620; x_wconf 76' lang='grc' dir='ltr'><strong>τῷ</strong></span> <span class='ocrx_word' id='word_1_157' title='bbox 313 2517 374 2619; x_wconf 77' lang='grc' dir='ltr'><strong>υἱῲ</strong></span> <span class='ocrx_word' id='word_1_158' title='bbox 402 2515 535 2606; x_wconf 81' lang='grc' dir='ltr'>Δαβίδ.</span> <span class='ocrx_word' id='word_1_159' title='bbox 595 2513 652 2592; x_wconf 89' lang='grc' dir='ltr'><strong>Δι’</strong></span> <span class='ocrx_word' id='word_1_160' title='bbox 676 2509 726 2591; x_wconf 84' lang='grc' dir='ltr'><strong>ὧν</strong></span> <span class='ocrx_word' id='word_1_161' title='bbox 753 2517 908 2615; x_wconf 76' lang='grc' dir='ltr'>ἐναργῶς</span> <span class='ocrx_word' id='word_1_162' title='bbox 937 2523 951 2593; x_wconf 80' lang='grc' dir='ltr'>ὁ</span> <span class='ocrx_word' id='word_1_163' title='bbox 980 2514 1184 2619; x_wconf 79' lang='grc' dir='ltr'>πρωτίτοκος</span> <span class='ocrx_word' id='word_1_164' title='bbox 1213 2513 1353 2605; x_wconf 63' lang='lat' dir='ltr'><strong>eninm</strong></span> 
     </span>
    </p>
   </div>
   <div class='ocr_carea' id='block_1_4' title="bbox 197 2636 1330 2871">
    <p class='ocr_par' dir='ltr' id='par_1_4' title="bbox 197 2636 1330 2871">
     <span class='ocr_line' id='line_1_20' title="bbox 235 2636 1326 2740; baseline -0.002 -20"><span class='ocrx_word' id='word_1_165' title='bbox 235 2642 385 2729; x_wconf 80' lang='grc' dir='ltr'>κτίσεως,</span> <span class='ocrx_word' id='word_1_166' title='bbox 410 2639 515 2723; x_wconf 81' lang='grc' dir='ltr'>αὐτὸς</span> <span class='ocrx_word' id='word_1_167' title='bbox 544 2641 564 2718; x_wconf 82' lang='grc' dir='ltr'><strong>ὁ</strong></span> <span class='ocrx_word' id='word_1_168' title='bbox 590 2640 662 2722; x_wconf 83' lang='grc' dir='ltr'>υίὸς</span> <span class='ocrx_word' id='word_1_169' title='bbox 686 2648 749 2717; x_wconf 91' lang='grc' dir='ltr'><strong>τοῦ</strong></span> <span class='ocrx_word' id='word_1_170' title='bbox 776 2645 881 2735; x_wconf 88' lang='grc' dir='ltr'>Θεοῦ,</span> <span class='ocrx_word' id='word_1_171' title='bbox 903 2637 975 2722; x_wconf 83' lang='grc' dir='ltr'>υίὸς</span> <span class='ocrx_word' id='word_1_172' title='bbox 1003 2637 1192 2738; x_wconf 77' lang='grc' dir='ltr'>ἀνθρώπου</span> <span class='ocrx_word' id='word_1_173' title='bbox 1220 2636 1326 2740; x_wconf 86' lang='grc' dir='ltr'>γενή·</span> 
     </span>
     <span class='ocr_line' id='line_1_21' title="bbox 197 2761 1330 2871; baseline 0.001 -29"><span class='ocrx_word' id='word_1_174' title='bbox 197 2771 366 2856; x_wconf 59' lang='grc' dir='ltr'>ιεσεσθαι</span> <span class='ocrx_word' id='word_1_175' title='bbox 393 2763 662 2871; x_wconf 84' lang='grc' dir='ltr'>προεφητεύετο.</span> <span class='ocrx_word' id='word_1_176' title='bbox 721 2767 793 2843; x_wconf 81' lang='grc' dir='ltr'><strong>Καὶ</strong></span> <span class='ocrx_word' id='word_1_177' title='bbox 814 2773 919 2843; x_wconf 89' lang='grc' dir='ltr'>τοῦτο</span> <span class='ocrx_word' id='word_1_178' title='bbox 948 2763 985 2842; x_wconf 82' lang='grc' dir='ltr'><strong>δὲ</strong></span> <span class='ocrx_word' id='word_1_179' title='bbox 1011 2761 1054 2841; x_wconf 82' lang='grc' dir='ltr'><strong>τὸ</strong></span> <span class='ocrx_word' id='word_1_180' title='bbox 1076 2761 1200 2864; x_wconf 85' lang='grc' dir='ltr'>λόγιον</span> <span class='ocrx_word' id='word_1_181' title='bbox 1222 2766 1244 2863; x_wconf 87' lang='grc' dir='ltr'><strong><em>ἡ</em></strong></span> <span class='ocrx_word' id='word_1_182' title='bbox 1266 2773 1330 2843; x_wconf 90' lang='grc' dir='ltr'><strong>τοῦ</strong></span> 
     </span>
    </p>
   </div>
   <div class='ocr_carea' id='block_1_5' title="bbox 72 2897 1335 4331">
    <p class='ocr_par' dir='ltr' id='par_1_5' title="bbox 72 2897 1335 4331">
     <span class='ocr_line' id='line_1_22' title="bbox 234 2897 1331 2975; baseline -0.005 -19"><span class='ocrx_word' id='word_1_183' title='bbox 234 2919 324 2957; x_wconf 77' lang='lat' dir='ltr'><strong>aevum</strong></span> <span class='ocrx_word' id='word_1_184' title='bbox 340 2919 532 2974; x_wconf 86' lang='lat' dir='ltr'><strong>perseverans,</strong></span> <span class='ocrx_word' id='word_1_185' title='bbox 546 2918 637 2975; x_wconf 87' lang='lat' dir='ltr'><strong>neque</strong></span> <span class='ocrx_word' id='word_1_186' title='bbox 655 2899 872 2956; x_wconf 87' lang='lat' dir='ltr'><strong>innumerabiles</strong></span> <span class='ocrx_word' id='word_1_187' title='bbox 891 2899 1025 2955; x_wconf 86' lang='lat' dir='ltr'><strong>adversus</strong></span> <span class='ocrx_word' id='word_1_188' title='bbox 1040 2897 1109 2954; x_wconf 86' lang='lat' dir='ltr'><strong>illud</strong></span> <span class='ocrx_word' id='word_1_189' title='bbox 1123 2898 1232 2955; x_wconf 71' lang='lat' dir='ltr'><strong>iusidias</strong></span> <span class='ocrx_word' id='word_1_190' title='bbox 1245 2900 1331 2974; x_wconf 88' lang='lat' dir='ltr'>profi.</span> 
     </span>
     <span class='ocr_line' id='line_1_23' title="bbox 235 2978 1332 3052; baseline 0 -16"><span class='ocrx_word' id='word_1_191' title='bbox 235 2979 319 3044; x_wconf 88' lang='lat' dir='ltr'><strong>cient,</strong></span> <span class='ocrx_word' id='word_1_192' title='bbox 340 2980 389 3035; x_wconf 88' lang='lat' dir='ltr'><strong>sed</strong></span> <span class='ocrx_word' id='word_1_193' title='bbox 409 2980 504 3036; x_wconf 84' lang='lat' dir='ltr'><strong>diviua</strong></span> <span class='ocrx_word' id='word_1_194' title='bbox 525 2999 575 3034; x_wconf 87' lang='lat' dir='ltr'><strong>sun</strong></span> <span class='ocrx_word' id='word_1_195' title='bbox 595 2987 624 3036; x_wconf 91' lang='lat' dir='ltr'><strong>et</strong></span> <span class='ocrx_word' id='word_1_196' title='bbox 644 2979 707 3052; x_wconf 90' lang='lat' dir='ltr'><strong>plus</strong></span> <span class='ocrx_word' id='word_1_197' title='bbox 728 2997 812 3052; x_wconf 82' lang='lat' dir='ltr'><strong>quarn</strong></span> <span class='ocrx_word' id='word_1_198' title='bbox 834 2979 957 3034; x_wconf 85' lang='lat' dir='ltr'><strong>humana</strong></span> <span class='ocrx_word' id='word_1_199' title='bbox 976 2978 1079 3035; x_wconf 83' lang='lat' dir='ltr'><strong>virtute</strong></span> <span class='ocrx_word' id='word_1_200' title='bbox 1099 2978 1175 3051; x_wconf 92' lang='lat' dir='ltr'><strong>quod</strong></span> <span class='ocrx_word' id='word_1_201' title='bbox 1198 2979 1332 3036; x_wconf 85' lang='lat' dir='ltr'><strong>divinitus</strong></span> 
     </span>
     <span class='ocr_line' id='line_1_24' title="bbox 234 3058 1332 3133; baseline 0.002 -19"><span class='ocrx_word' id='word_1_202' title='bbox 234 3061 358 3115; x_wconf 83' lang='lat' dir='ltr'><strong>efflatum</strong></span> <span class='ocrx_word' id='word_1_203' title='bbox 370 3068 454 3132; x_wconf 85' lang='lat' dir='ltr'><strong>atque</strong></span> <span class='ocrx_word' id='word_1_204' title='bbox 465 3059 652 3131; x_wconf 80' lang='lat' dir='ltr'><strong>insuperabile</strong></span> <span class='ocrx_word' id='word_1_205' title='bbox 663 3059 763 3116; x_wconf 80' lang='lat' dir='ltr'><strong>habuit</strong></span> <span class='ocrx_word' id='word_1_206' title='bbox 773 3058 930 3133; x_wconf 86' lang='lat' dir='ltr'><strong>prophetia.</strong></span> <span class='ocrx_word' id='word_1_207' title='bbox 940 3077 1002 3132; x_wconf 78' lang='lat' dir='ltr'><strong>qure</strong></span> <span class='ocrx_word' id='word_1_208' title='bbox 1017 3059 1052 3114; x_wconf 87' lang='lat' dir='ltr'><strong>de</strong></span> <span class='ocrx_word' id='word_1_209' title='bbox 1066 3059 1127 3133; x_wconf 90' lang='lat' dir='ltr'><strong>ipso</strong></span> <span class='ocrx_word' id='word_1_210' title='bbox 1142 3067 1229 3123; x_wconf 82' lang='lat' dir='ltr'><strong>extat,</strong></span> <span class='ocrx_word' id='word_1_211' title='bbox 1239 3059 1332 3133; x_wconf 84' lang='lat' dir='ltr'><strong>palam</strong></span> 
     </span>
     <span class='ocr_line' id='line_1_25' title="bbox 235 3138 1330 3212; baseline 0.002 -18"><span class='ocrx_word' id='word_1_212' title='bbox 235 3139 311 3194; x_wconf 89' lang='lat' dir='ltr'><strong>omni</strong></span> <span class='ocrx_word' id='word_1_213' title='bbox 335 3148 463 3212; x_wconf 87' lang='lat' dir='ltr'><strong>tempore</strong></span> <span class='ocrx_word' id='word_1_214' title='bbox 486 3140 700 3196; x_wconf 75' lang='lat' dir='ltr'><strong>demonstrabit.</strong></span> <span class='ocrx_word' id='word_1_215' title='bbox 745 3139 800 3196; x_wconf 90' lang='lat' dir='ltr'><strong>Ubi</strong></span> <span class='ocrx_word' id='word_1_216' title='bbox 825 3157 893 3194; x_wconf 89' lang='lat' dir='ltr'><strong>vero</strong></span> <span class='ocrx_word' id='word_1_217' title='bbox 911 3138 1004 3195; x_wconf 88' lang='lat' dir='ltr'><strong>Deum</strong></span> <span class='ocrx_word' id='word_1_218' title='bbox 1027 3156 1077 3212; x_wconf 88' lang='lat' dir='ltr'><strong>per</strong></span> <span class='ocrx_word' id='word_1_219' title='bbox 1099 3147 1228 3196; x_wconf 82' lang='lat' dir='ltr'><strong>sanctum</strong></span> <span class='ocrx_word' id='word_1_220' title='bbox 1249 3159 1330 3195; x_wconf 87' lang='lat' dir='ltr'><strong>suum</strong></span> 
     </span>
     <span class='ocr_line' id='line_1_26' title="bbox 231 3218 1333 3294; baseline 0.003 -20"><span class='ocrx_word' id='word_1_221' title='bbox 231 3219 373 3293; x_wconf 87' lang='lat' dir='ltr'><strong>jurantem</strong></span> <span class='ocrx_word' id='word_1_222' title='bbox 402 3218 492 3280; x_wconf 84' lang='lat' dir='ltr'><strong>audis,</strong></span> <span class='ocrx_word' id='word_1_223' title='bbox 518 3228 627 3292; x_wconf 85' lang='lat' dir='ltr'><strong>patrem</strong></span> <span class='ocrx_word' id='word_1_224' title='bbox 650 3219 745 3294; x_wconf 80' lang='lat' dir='ltr'>accipe</span> <span class='ocrx_word' id='word_1_225' title='bbox 764 3219 908 3293; x_wconf 88' lang='lat' dir='ltr'><strong>jurantem</strong></span> <span class='ocrx_word' id='word_1_226' title='bbox 931 3237 981 3292; x_wconf 85' lang='lat' dir='ltr'><strong>per</strong></span> <span class='ocrx_word' id='word_1_227' title='bbox 1005 3219 1098 3274; x_wconf 88' lang='lat' dir='ltr'><strong>Deum</strong></span> <span class='ocrx_word' id='word_1_228' title='bbox 1122 3219 1260 3287; x_wconf 89' lang='lat' dir='ltr'>Verbum,</span> <span class='ocrx_word' id='word_1_229' title='bbox 1285 3219 1333 3294; x_wconf 89' lang='lat' dir='ltr'><strong>qui</strong></span> 
     </span>
     <span class='ocr_line' id='line_1_27' title="bbox 234 3298 1331 3372; baseline 0.001 -18"><span class='ocrx_word' id='word_1_230' title='bbox 234 3299 330 3354; x_wconf 88' lang='lat' dir='ltr'><strong>omnia</strong></span> <span class='ocrx_word' id='word_1_231' title='bbox 343 3298 445 3354; x_wconf 85' lang='lat' dir='ltr'><strong>saecula</strong></span> <span class='ocrx_word' id='word_1_232' title='bbox 459 3299 611 3363; x_wconf 76' lang='lat' dir='ltr'><strong>antecedit,</strong></span> <span class='ocrx_word' id='word_1_233' title='bbox 627 3309 754 3356; x_wconf 83' lang='lat' dir='ltr'><strong>sanctum</strong></span> <span class='ocrx_word' id='word_1_234' title='bbox 776 3299 872 3372; x_wconf 88' lang='lat' dir='ltr'><strong>utique</strong></span> <span class='ocrx_word' id='word_1_235' title='bbox 893 3307 977 3372; x_wconf 89' lang='lat' dir='ltr'><strong>atque</strong></span> <span class='ocrx_word' id='word_1_236' title='bbox 996 3298 1110 3354; x_wconf 88' lang='lat' dir='ltr'><strong>unicum</strong></span> <span class='ocrx_word' id='word_1_237' title='bbox 1129 3317 1211 3355; x_wconf 88' lang='lat' dir='ltr'><strong>suum</strong></span> <span class='ocrx_word' id='word_1_238' title='bbox 1233 3299 1331 3363; x_wconf 85' lang='lat' dir='ltr'><strong>filium,</strong></span> 
     </span>
     <span class='ocr_line' id='line_1_28' title="bbox 234 3378 1331 3454; baseline -0.001 -18"><span class='ocrx_word' id='word_1_239' title='bbox 234 3398 318 3454; x_wconf 89' lang='lat' dir='ltr'><strong>quem</strong></span> <span class='ocrx_word' id='word_1_240' title='bbox 332 3378 408 3436; x_wconf 85' lang='lat' dir='ltr'><strong>varie</strong></span> <span class='ocrx_word' id='word_1_241' title='bbox 423 3388 454 3436; x_wconf 95' lang='lat' dir='ltr'><strong>ut</strong></span> <span class='ocrx_word' id='word_1_242' title='bbox 470 3379 564 3435; x_wconf 87' lang='lat' dir='ltr'><strong>Deum</strong></span> <span class='ocrx_word' id='word_1_243' title='bbox 585 3389 651 3436; x_wconf 84' lang='lat' dir='ltr'><strong>ante</strong></span> <span class='ocrx_word' id='word_1_244' title='bbox 672 3398 689 3435; x_wconf 93' lang='lat' dir='ltr'><strong>a</strong></span> <span class='ocrx_word' id='word_1_245' title='bbox 708 3379 791 3436; x_wconf 91' lang='lat' dir='ltr'><strong>nobis</strong></span> <span class='ocrx_word' id='word_1_246' title='bbox 811 3379 930 3452; x_wconf 81' lang='lat' dir='ltr'><strong>expositi</strong></span> <span class='ocrx_word' id='word_1_247' title='bbox 949 3395 1095 3434; x_wconf 86' lang='lat' dir='ltr'><strong>sermones</strong></span> <span class='ocrx_word' id='word_1_248' title='bbox 1109 3379 1331 3443; x_wconf 84' lang='lat' dir='ltr'><strong>celebraverunt.</strong></span> 
     </span>
     <span class='ocr_line' id='line_1_29' title="bbox 233 3458 1333 3534; baseline -0.003 -17"><span class='ocrx_word' id='word_1_249' title='bbox 233 3478 381 3534; x_wconf 87' lang='lat' dir='ltr'><strong>perquem</strong></span> <span class='ocrx_word' id='word_1_250' title='bbox 400 3460 478 3533; x_wconf 86' lang='lat' dir='ltr'><strong>jurnt</strong></span> <span class='ocrx_word' id='word_1_251' title='bbox 493 3459 568 3516; x_wconf 89' lang='lat' dir='ltr'><strong>Deus</strong></span> <span class='ocrx_word' id='word_1_252' title='bbox 583 3469 612 3516; x_wconf 86' lang='lat' dir='ltr'><strong>et</strong></span> <span class='ocrx_word' id='word_1_253' title='bbox 626 3471 707 3534; x_wconf 86' lang='lat' dir='ltr'><strong>pater</strong></span> <span class='ocrx_word' id='word_1_254' title='bbox 725 3459 821 3534; x_wconf 83' lang='lat' dir='ltr'><strong>ipsius,</strong></span> <span class='ocrx_word' id='word_1_255' title='bbox 835 3467 969 3532; x_wconf 85' lang='lat' dir='ltr'><strong>tanquam</strong></span> <span class='ocrx_word' id='word_1_256' title='bbox 985 3476 1036 3534; x_wconf 86' lang='lat' dir='ltr'><strong>per</strong></span> <span class='ocrx_word' id='word_1_257' title='bbox 1056 3458 1200 3526; x_wconf 86' lang='lat' dir='ltr'><strong>dilectam,</strong></span> <span class='ocrx_word' id='word_1_258' title='bbox 1216 3477 1247 3516; x_wconf 88' lang='lat' dir='ltr'><strong>se</strong></span> <span class='ocrx_word' id='word_1_259' title='bbox 1267 3478 1333 3515; x_wconf 90' lang='lat' dir='ltr'><strong>enm</strong></span> 
     </span>
     <span class='ocr_line' id='line_1_30' title="bbox 234 3537 1331 3613; baseline -0.002 -17"><span class='ocrx_word' id='word_1_260' title='bbox 234 3541 280 3613; x_wconf 89' lang='lat' dir='ltr'><strong>qui</strong></span> <span class='ocrx_word' id='word_1_261' title='bbox 303 3540 338 3596; x_wconf 90' lang='lat' dir='ltr'><strong>de</strong></span> <span class='ocrx_word' id='word_1_262' title='bbox 363 3540 470 3597; x_wconf 88' lang='lat' dir='ltr'><strong>semine</strong></span> <span class='ocrx_word' id='word_1_263' title='bbox 487 3539 578 3595; x_wconf 82' lang='lat' dir='ltr'><strong>David</strong></span> <span class='ocrx_word' id='word_1_264' title='bbox 597 3541 703 3596; x_wconf 87' lang='lat' dir='ltr'><strong>oriatur</strong></span> <span class='ocrx_word' id='word_1_265' title='bbox 719 3539 748 3595; x_wconf 91' lang='lat' dir='ltr'><strong>in</strong></span> <span class='ocrx_word' id='word_1_266' title='bbox 769 3539 911 3594; x_wconf 86' lang='lat' dir='ltr'><strong>infinitum</strong></span> <span class='ocrx_word' id='word_1_267' title='bbox 933 3538 1066 3594; x_wconf 83' lang='lat' dir='ltr'><strong>saeculum</strong></span> <span class='ocrx_word' id='word_1_268' title='bbox 1088 3537 1331 3611; x_wconf 85' lang='lat' dir='ltr'><strong>glorificaturum:</strong></span> 
     </span>
     <span class='ocr_line' id='line_1_31' title="bbox 234 3618 1332 3694; baseline -0.003 -17"><span class='ocrx_word' id='word_1_269' title='bbox 234 3620 310 3694; x_wconf 92' lang='lat' dir='ltr'><strong>quod</strong></span> <span class='ocrx_word' id='word_1_270' title='bbox 324 3621 414 3694; x_wconf 82' lang='lat' dir='ltr'><strong>ipsum</strong></span> <span class='ocrx_word' id='word_1_271' title='bbox 428 3620 512 3676; x_wconf 86' lang='lat' dir='ltr'><strong>etiam</strong></span> <span class='ocrx_word' id='word_1_272' title='bbox 526 3619 685 3676; x_wconf 79' lang='lat' dir='ltr'><strong>estfactum</strong></span> <span class='ocrx_word' id='word_1_273' title='bbox 701 3638 757 3693; x_wconf 91' lang='lat' dir='ltr'><strong>quo</strong></span> <span class='ocrx_word' id='word_1_274' title='bbox 771 3628 899 3692; x_wconf 85' lang='lat' dir='ltr'><strong>tempore</strong></span> <span class='ocrx_word' id='word_1_275' title='bbox 910 3618 1037 3674; x_wconf 83' lang='lat' dir='ltr'>Verbum</span> <span class='ocrx_word' id='word_1_276' title='bbox 1052 3636 1118 3674; x_wconf 87' lang='lat' dir='ltr'><strong>caro</strong></span> <span class='ocrx_word' id='word_1_277' title='bbox 1132 3619 1264 3675; x_wconf 88' lang='lat' dir='ltr'><strong>effectum</strong></span> <span class='ocrx_word' id='word_1_278' title='bbox 1278 3627 1332 3684; x_wconf 87' lang='lat' dir='ltr'><strong>est,</strong></span> 
     </span>
     <span class='ocr_line' id='line_1_32' title="bbox 234 3697 1332 3775; baseline -0.001 -19"><span class='ocrx_word' id='word_1_279' title='bbox 234 3709 263 3756; x_wconf 86' lang='lat' dir='ltr'><strong>et</strong></span> <span class='ocrx_word' id='word_1_280' title='bbox 278 3719 352 3765; x_wconf 88' lang='lat' dir='ltr'><strong>eum,</strong></span> <span class='ocrx_word' id='word_1_281' title='bbox 367 3700 415 3775; x_wconf 91' lang='lat' dir='ltr'><strong>qui</strong></span> <span class='ocrx_word' id='word_1_282' title='bbox 437 3700 472 3755; x_wconf 89' lang='lat' dir='ltr'><strong>de</strong></span> <span class='ocrx_word' id='word_1_283' title='bbox 492 3700 600 3755; x_wconf 89' lang='lat' dir='ltr'><strong>semine</strong></span> <span class='ocrx_word' id='word_1_284' title='bbox 614 3699 706 3756; x_wconf 88' lang='lat' dir='ltr'><strong>David</strong></span> <span class='ocrx_word' id='word_1_285' title='bbox 727 3698 877 3764; x_wconf 83' lang='lat' dir='ltr'><strong>oriebatur,</strong></span> <span class='ocrx_word' id='word_1_286' title='bbox 894 3698 1044 3772; x_wconf 77' lang='lat' dir='ltr'><strong>assumpsit</strong></span> <span class='ocrx_word' id='word_1_287' title='bbox 1059 3697 1207 3772; x_wconf 85' lang='lat' dir='ltr'><strong>Deumque</strong></span> <span class='ocrx_word' id='word_1_288' title='bbox 1228 3699 1332 3756; x_wconf 83' lang='lat' dir='ltr'><strong>effecit.</strong></span> 
     </span>
     <span class='ocr_line' id='line_1_33' title="bbox 72 3778 1334 3856; baseline -0.002 -20"><span class='ocrx_word' id='word_1_289' title='bbox 72 3807 170 3856; x_wconf 50' lang='lat' dir='ltr'><strong>,nm</strong></span> <span class='ocrx_word' id='word_1_290' title='bbox 234 3779 376 3848; x_wconf 82' lang='lat' dir='ltr'><strong>Quocirca</strong></span> <span class='ocrx_word' id='word_1_291' title='bbox 400 3779 488 3836; x_wconf 89' lang='lat' dir='ltr'><strong>filium</strong></span> <span class='ocrx_word' id='word_1_292' title='bbox 513 3798 623 3852; x_wconf 90' lang='lat' dir='ltr'><strong>quoque</strong></span> <span class='ocrx_word' id='word_1_293' title='bbox 646 3778 766 3835; x_wconf 88' lang='lat' dir='ltr'><strong>eundem</strong></span> <span class='ocrx_word' id='word_1_294' title='bbox 791 3779 921 3852; x_wconf 85' lang='lat' dir='ltr'><strong>appellat.</strong></span> <span class='ocrx_word' id='word_1_295' title='bbox 941 3779 1056 3834; x_wconf 87' lang='lat' dir='ltr'><strong>dicens:</strong></span> <span class='ocrx_word' id='word_1_296' title='bbox 1087 3778 1151 3852; x_wconf 85' lang='lat' dir='ltr'><strong>Ego</strong></span> <span class='ocrx_word' id='word_1_297' title='bbox 1174 3797 1220 3834; x_wconf 87' lang='lat' dir='ltr'><strong>ero</strong></span> <span class='ocrx_word' id='word_1_298' title='bbox 1242 3779 1284 3834; x_wconf 79' lang='lat' dir='ltr'><strong>illi</strong></span> <span class='ocrx_word' id='word_1_299' title='bbox 1307 3782 1334 3834; x_wconf 82' lang='lat' dir='ltr'><strong>in</strong></span> 
     </span>
     <span class='ocr_line' id='line_1_34' title="bbox 232 3859 1334 3934; baseline -0.001 -19"><span class='ocrx_word' id='word_1_300' title='bbox 232 3867 347 3932; x_wconf 81' lang='lat' dir='ltr'><strong>patrem,</strong></span> <span class='ocrx_word' id='word_1_301' title='bbox 363 3862 458 3934; x_wconf 83' lang='lat' dir='ltr'><strong>etipse</strong></span> <span class='ocrx_word' id='word_1_302' title='bbox 478 3862 529 3915; x_wconf 86' lang='lat' dir='ltr'><strong>erit</strong></span> <span class='ocrx_word' id='word_1_303' title='bbox 543 3859 609 3914; x_wconf 74' lang='lat' dir='ltr'><strong>mibi</strong></span> <span class='ocrx_word' id='word_1_304' title='bbox 628 3861 655 3914; x_wconf 82' lang='lat' dir='ltr'><strong>in</strong></span> <span class='ocrx_word' id='word_1_305' title='bbox 669 3861 772 3928; x_wconf 73' lang='lat' dir='ltr'><strong>filium.</strong></span> <span class='ocrx_word' id='word_1_306' title='bbox 817 3859 853 3913; x_wconf 82' lang='lat' dir='ltr'><strong>Et</strong></span> <span class='ocrx_word' id='word_1_307' title='bbox 868 3877 974 3921; x_wconf 86' lang='lat' dir='ltr'><strong>rursus,</strong></span> <span class='ocrx_word' id='word_1_308' title='bbox 989 3859 1031 3914; x_wconf 84' lang='lat' dir='ltr'><strong>Et</strong></span> <span class='ocrx_word' id='word_1_309' title='bbox 1052 3876 1103 3930; x_wconf 80' lang='lat' dir='ltr'><strong>ego</strong></span> <span class='ocrx_word' id='word_1_310' title='bbox 1123 3861 1334 3932; x_wconf 82' lang='lat' dir='ltr'><strong>primogenitum</strong></span> 
     </span>
     <span class='ocr_line' id='line_1_35' title="bbox 231 3938 1334 4012; baseline 0 -19"><span class='ocrx_word' id='word_1_311' title='bbox 231 3957 332 4012; x_wconf 79' lang='lat' dir='ltr'><strong>ponam</strong></span> <span class='ocrx_word' id='word_1_312' title='bbox 348 3941 435 3996; x_wconf 82' lang='lat' dir='ltr'><strong>illum.</strong></span> <span class='ocrx_word' id='word_1_313' title='bbox 478 3939 643 3995; x_wconf 78' lang='lat' dir='ltr'><strong>Plenissime</strong></span> <span class='ocrx_word' id='word_1_314' title='bbox 656 3939 745 4012; x_wconf 87' lang='lat' dir='ltr'><strong>igitur</strong></span> <span class='ocrx_word' id='word_1_315' title='bbox 757 3938 786 3993; x_wconf 91' lang='lat' dir='ltr'><strong>in</strong></span> <span class='ocrx_word' id='word_1_316' title='bbox 801 3938 845 3994; x_wconf 84' lang='lat' dir='ltr'><strong>his</strong></span> <span class='ocrx_word' id='word_1_317' title='bbox 859 3938 954 3995; x_wconf 86' lang='lat' dir='ltr'><strong>verbis</strong></span> <span class='ocrx_word' id='word_1_318' title='bbox 968 3938 1042 3994; x_wconf 88' lang='lat' dir='ltr'><strong>filius</strong></span> <span class='ocrx_word' id='word_1_319' title='bbox 1057 3938 1110 3994; x_wconf 89' lang='lat' dir='ltr'><strong>Dei</strong></span> <span class='ocrx_word' id='word_1_320' title='bbox 1127 3938 1334 4012; x_wconf 83' lang='lat' dir='ltr'><strong>primogenitus</strong></span> 
     </span>
     <span class='ocr_line' id='line_1_36' title="bbox 235 4017 1335 4092; baseline -0.001 -19"><span class='ocrx_word' id='word_1_321' title='bbox 235 4017 271 4073; x_wconf 88' lang='lat' dir='ltr'><strong>de</strong></span> <span class='ocrx_word' id='word_1_322' title='bbox 297 4019 403 4074; x_wconf 87' lang='lat' dir='ltr'><strong>semine</strong></span> <span class='ocrx_word' id='word_1_323' title='bbox 426 4019 519 4074; x_wconf 88' lang='lat' dir='ltr'><strong>David</strong></span> <span class='ocrx_word' id='word_1_324' title='bbox 538 4019 649 4076; x_wconf 80' lang='lat' dir='ltr'><strong>futurus</strong></span> <span class='ocrx_word' id='word_1_325' title='bbox 676 4019 768 4074; x_wconf 89' lang='lat' dir='ltr'><strong>dictus</strong></span> <span class='ocrx_word' id='word_1_326' title='bbox 791 4026 843 4082; x_wconf 82' lang='lat' dir='ltr'><strong>est,</strong></span> <span class='ocrx_word' id='word_1_327' title='bbox 864 4019 935 4074; x_wconf 84' lang='lat' dir='ltr'><strong>adeo</strong></span> <span class='ocrx_word' id='word_1_328' title='bbox 960 4018 1085 4091; x_wconf 85' lang='lat' dir='ltr'><strong>quidem,</strong></span> <span class='ocrx_word' id='word_1_329' title='bbox 1107 4026 1139 4074; x_wconf 91' lang='lat' dir='ltr'><strong>ut</strong></span> <span class='ocrx_word' id='word_1_330' title='bbox 1157 4037 1229 4074; x_wconf 89' lang='lat' dir='ltr'><strong>unus</strong></span> <span class='ocrx_word' id='word_1_331' title='bbox 1251 4028 1335 4092; x_wconf 82' lang='lat' dir='ltr'><strong>atque</strong></span> 
     </span>
     <span class='ocr_line' id='line_1_37' title="bbox 234 4097 1334 4162; baseline 0 -10"><span class='ocrx_word' id='word_1_332' title='bbox 234 4097 309 4154; x_wconf 89' lang='lat' dir='ltr'><strong>idem</strong></span> <span class='ocrx_word' id='word_1_333' title='bbox 324 4098 361 4154; x_wconf 80' lang='lat' dir='ltr'><strong>uit</strong></span> <span class='ocrx_word' id='word_1_334' title='bbox 375 4097 449 4152; x_wconf 84' lang='lat' dir='ltr'><strong>filius</strong></span> <span class='ocrx_word' id='word_1_335' title='bbox 463 4099 556 4155; x_wconf 82' lang='lat' dir='ltr'><strong>David</strong></span> <span class='ocrx_word' id='word_1_336' title='bbox 577 4118 641 4156; x_wconf 91' lang='lat' dir='ltr'><strong>cum</strong></span> <span class='ocrx_word' id='word_1_337' title='bbox 662 4098 721 4156; x_wconf 89' lang='lat' dir='ltr'><strong>filio</strong></span> <span class='ocrx_word' id='word_1_338' title='bbox 738 4098 801 4162; x_wconf 89' lang='lat' dir='ltr'><strong>Dei,</strong></span> <span class='ocrx_word' id='word_1_339' title='bbox 818 4107 847 4155; x_wconf 87' lang='lat' dir='ltr'><strong>et</strong></span> <span class='ocrx_word' id='word_1_340' title='bbox 865 4097 939 4154; x_wconf 85' lang='lat' dir='ltr'><strong>filius</strong></span> <span class='ocrx_word' id='word_1_341' title='bbox 957 4098 1011 4154; x_wconf 89' lang='lat' dir='ltr'><strong>Dei</strong></span> <span class='ocrx_word' id='word_1_342' title='bbox 1031 4115 1095 4153; x_wconf 90' lang='lat' dir='ltr'><strong>cum</strong></span> <span class='ocrx_word' id='word_1_343' title='bbox 1112 4098 1170 4154; x_wconf 87' lang='lat' dir='ltr'><strong>filio</strong></span> <span class='ocrx_word' id='word_1_344' title='bbox 1186 4097 1290 4162; x_wconf 87' lang='lat' dir='ltr'><strong>David,</strong></span> <span class='ocrx_word' id='word_1_345' title='bbox 1305 4097 1334 4152; x_wconf 92' lang='lat' dir='ltr'><strong>in</strong></span> 
     </span>
     <span class='ocr_line' id='line_1_38' title="bbox 235 4176 1335 4251; baseline 0.002 -21"><span class='ocrx_word' id='word_1_346' title='bbox 235 4177 335 4247; x_wconf 89' lang='lat' dir='ltr'><strong>quibus</strong></span> <span class='ocrx_word' id='word_1_347' title='bbox 350 4176 559 4233; x_wconf 85' lang='lat' dir='ltr'><strong>evidentissime</strong></span> <span class='ocrx_word' id='word_1_348' title='bbox 571 4181 765 4251; x_wconf 78' lang='lat' dir='ltr'><strong>primogenitus</strong></span> <span class='ocrx_word' id='word_1_349' title='bbox 780 4180 863 4234; x_wconf 82' lang='grc' dir='ltr'>ουυιίς</span> <span class='ocrx_word' id='word_1_350' title='bbox 877 4185 1010 4234; x_wconf 69' lang='lat' dir='ltr'><strong>creature</strong></span> <span class='ocrx_word' id='word_1_351' title='bbox 1024 4177 1084 4250; x_wconf 88' lang='lat' dir='ltr'><strong>ipse</strong></span> <span class='ocrx_word' id='word_1_352' title='bbox 1099 4179 1172 4234; x_wconf 87' lang='lat' dir='ltr'><strong>filius</strong></span> <span class='ocrx_word' id='word_1_353' title='bbox 1183 4177 1247 4242; x_wconf 89' lang='lat' dir='ltr'><strong>Dei,</strong></span> <span class='ocrx_word' id='word_1_354' title='bbox 1261 4177 1335 4233; x_wconf 87' lang='lat' dir='ltr'><strong>filius</strong></span> 
     </span>
     <span class='ocr_line' id='line_1_39' title="bbox 234 4254 1334 4331; baseline 0.004 -23"><span class='ocrx_word' id='word_1_355' title='bbox 234 4254 357 4309; x_wconf 87' lang='lat' dir='ltr'><strong>bominis</strong></span> <span class='ocrx_word' id='word_1_356' title='bbox 373 4254 484 4308; x_wconf 83' lang='lat' dir='ltr'><strong>futurus</strong></span> <span class='ocrx_word' id='word_1_357' title='bbox 506 4257 668 4312; x_wconf 87' lang='lat' dir='ltr'><strong>canebatur.</strong></span> <span class='ocrx_word' id='word_1_358' title='bbox 713 4258 777 4314; x_wconf 87' lang='lat' dir='ltr'><strong>Hoc</strong></span> <span class='ocrx_word' id='word_1_359' title='bbox 791 4267 884 4314; x_wconf 86' lang='lat' dir='ltr'><strong>autem</strong></span> <span class='ocrx_word' id='word_1_360' title='bbox 900 4257 1043 4313; x_wconf 86' lang='lat' dir='ltr'><strong>oraculum</strong></span> <span class='ocrx_word' id='word_1_361' title='bbox 1059 4257 1198 4331; x_wconf 88' lang='lat' dir='ltr'><strong>scriptura</strong></span> <span class='ocrx_word' id='word_1_362' title='bbox 1212 4275 1334 4330; x_wconf 86' lang='lat' dir='ltr'><strong>evauge-</strong></span> 
     </span>
    </p>
   </div>
   <div class='ocr_carea' id='block_1_6' title="bbox 72 3869 184 3956">
    <p class='ocr_par' dir='ltr' id='par_1_6' title="bbox 72 3869 184 3956">
     <span class='ocr_line' id='line_1_40' title="bbox 73 3869 102 3904; baseline 0.034 -9"><span class='ocrx_word' id='word_1_363' title='bbox 73 3869 102 3904; x_wconf 71' lang='grc' dir='ltr'><strong>ιι.</strong></span> 
     </span>
     <span class='ocr_line' id='line_1_41' title="bbox 72 3907 184 3956; baseline 0.009 -11"><span class='ocrx_word' id='word_1_364' title='bbox 72 3907 105 3946; x_wconf 76' lang='lat' dir='ltr'><strong>Pa</strong></span> <span class='ocrx_word' id='word_1_365' title='bbox 113 3909 145 3956; x_wconf 79' lang='lat'><strong>89,</strong></span> <span class='ocrx_word' id='word_1_366' title='bbox 155 3915 184 3956; x_wconf 76' lang='grc' dir='ltr'><strong>ιγ,</strong></span> 
     </span>
    </p>
   </div>
   <div class='ocr_carea' id='block_1_7' title="bbox 0 0 1572 4722">
    <p class='ocr_par' dir='ltr' id='par_1_7' title="bbox 0 0 1572 4722">
     <span class='ocr_line' id='line_1_42' title="bbox 0 0 1572 4722; baseline 0 0"><span class='ocrx_word' id='word_1_367' title='bbox 0 0 1572 4722; x_wconf 95' lang='lat' dir='ltr'><strong> </strong></span> 
     </span>
    </p>
   </div>
  </div>
 </body>
</html>
