3120 4716
6 299 8 362 ι
63 277 193 342 -474·
471 269 700 334 DEMONST.
725 271 894 336 EVANG.
920 272 966 334 X.
982 293 1012 357 3.
1244 273 1309 334 935

204 429 395 532 περιέσχον
423 430 487 526 μὲν
512 431 620 510 αὐτὸν
643 435 700 509 καὶ
728 431 1018 531 περιεκύκλωσαν
1046 427 1137 508 κατὰ
1160 427 1223 506 τὸν
1246 435 1310 506 τοῦ

205 554 341 639 πάθους
373 558 479 635 αὐτοῦ
512 557 644 658 καιρὸν,
677 558 719 635 ού
752 555 824 654 μὴν
851 559 910 635 καὶ
943 555 1137 658 ἐνεργῆσαί
1164 588 1198 632 τι
1232 561 1307 632 κατ’
1318 576 1349 639 Ρ·
1360 567 1426 636 474

169 684 314 770 ιοαύτοΰ
345 684 562 783 δεδύνηνται.
625 686 697 764 Καὶ
724 692 837 763 ταῦτα
863 682 938 781 μὲν,
963 688 993 761 εἰ
1021 684 1078 761 καὶ
1105 689 1218 760 ταῦτα
1246 687 1309 758 τοῦ

206 815 366 910 Ψαλμοῦ
395 809 441 889 τὰ
467 811 557 912 μερη
585 813 642 890 ἐπὶ
672 806 735 889 τὸν
768 813 921 907 Σωτῆρα
952 811 1010 887 καὶ
1042 806 1176 908 Κύριον
1209 807 1310 904 ἡμῶν

206 935 384 1038 ἀνάγοιτο·
416 943 444 1015 εἶ
462 934 500 1015 δέ
518 935 568 1034 μὴ
587 938 640 1015 ἐπ’
654 935 763 1015 αὐτὸν
781 936 866 1014 ἀλλ’
887 937 943 1039 ἐφ’
964 935 1082 1035 ἕτερον
1100 931 1332 1034 πρόσωπον,ς

204 1061 410 1162 ἐπιστήσεις
429 1065 487 1141 καὶ
510 1063 616 1146 αι’πδς
634 1065 682 1146 ὡς
700 1060 745 1140 ἀν
771 1059 1056 1167 ἐξομαλισθέντα
1073 1058 1120 1137 roi
1138 1058 1229 1138 κατά
1246 1057 1310 1138 τὸν

205 1186 328 1268 τύπον.
388 1187 497 1289 Πλὴν
515 1188 615 1268 ἀλλά
633 1192 692 1269 καὶ
710 1192 789 1292 περὶ
808 1193 871 1286 τῆς
889 1194 961 1266 τῶν
979 1189 1159 1266 Ἰουδαίων
1176 1222 1309 1290 μητρο-

205 1313 353 1413 πόλεως,
372 1320 480 1414 αύτῆς
499 1315 543 1414 δὴ
562 1321 626 1414 τῆς
642 1313 891 1417 Ἰερουσαλὴμ,
911 1315 1117 1396 ἀκολούθως
1136 1315 1226 1410 μετὰ
1243 1314 1308 1413 τὴν

205 1439 295 1519 κατά
327 1449 400 1520 τῶν
429 1440 766 1534 ἐπιβουλευσάντων
798 1442 894 1548 αύτῷ
924 1439 1127 1542 πρόρρησιν
1154 1441 1309 1541 ἐπιλέγει

205 1567 296 1672 ἑξῆς,
326 1564 406 1649 εἶδον
435 1572 573 1674 ἀνομίαν
603 1576 662 1649 καλ
692 1569 888 1669 ἀντιλογίαν
917 1568 947 1646 ἐν
974 1575 1011 1680 τῇ
1038 1566 1150 1656 πέλει,
1177 1568 1236 1645 καὶ
1263 1565 1350 1645 rain

206 1693 342 1778 τούτοις
369 1693 604 1792 ἀκόλουθα,ἀ
629 1701 687 1775 καὶ
714 1695 838 1779 ὁποίας
860 1693 976 1797 ἔχεται
1004 1694 1157 1776 διανοίας
1180 1695 1221 1771 ού
1246 1699 1339 1773 νῦνὶ)

207 1819 328 1924 σχολὴ
346 1825 559 1922 διηγεῖσθαι.

567 1993 632 2068 ‚inti
657 2006 717 2068 roi·
741 2006 874 2068 σκοποῖ·
897 1994 953 2094 pn'.

143 2128 168 2203 3
256 2120 302 2189 Ὁ
328 2119 410 2198 Θεὸς
434 2123 493 2202 τὴν
521 2121 639 2191 α’ίνεσίν
664 2152 727 2204 μου
750 2122 794 2204 μὴ
820 2124 1088 2217 ταρασιωπῆσῃς,
1112 2119 1165 2189 ὅτι
1194 2119 1473 2224 στύμαυἘτιρερι

204 2238 405 2331 ἀμαρτωλοά
428 2235 479 2305 καί
501 2236 614 2318 στόμα
638 2235 750 2305 δολίου
775 2237 826 2304 ἐπ’
843 2233 899 2318 ἐμὲ
921 2235 1066 2330 ἠνοίχθη.
1111 2229 1307 2315 Ἐλιίλησαν
1350 2213 1472 2340 ἑευκὶοιψ

204 2353 277 2422 κατ’
295 2354 372 2434 ἐμοῦ
397 2353 536 2444 γλώσσῃ
563 2349 669 2442 δολίᾳ,
690 2349 741 2420 καί
767 2350 885 2442 λύγοις
910 2350 1024 2432 μίσους
1050 2345 1230 2419 ἐκύκλωσιίν
1255 2379 1305 2430 με,
1349 2326 1395 2420 nni
1409 2367 1446 2422 εἰς

204 2471 256 2536 καὶ
281 2464 491 2549 ἐπολέμησιίν
507 2498 548 2549 με
565 2463 693 2562 δωρειίν.
737 2466 835 2536 Ἀντί
852 2471 914 2536 τοῦ
929 2465 1066 2556 ἀγαπᾶν
1082 2495 1123 2546 με
1140 2461 1330 2550 &diffluit-5
1348 2445 1396 2580 fi:
1404 2447 1458 2581 'gg'

205 2582 266 2652 λύν
293 2614 344 2668 με,
369 2582 433 2675 ε’γῶ
466 2581 500 2652 δὲ
522 2581 766 2677 προσηνχύμην·
819 2581 870 2651 καὶ
896 2582 1009 2652 ἔθεντο
1034 2581 1104 2650 κατ’
1123 2581 1201 2662 ἐμοῦ
1226 2575 1305 2648 κακά
1347 2547 1450 2661 Com.

205 2697 278 2767 ἀντὶ
302 2699 444 2787 ἀγαθῶν,
462 2697 513 2767 καὶ
536 2707 633 2780 μῖσος
658 2697 731 2768 ἀντί
756 2705 814 2780 τῆς
839 2697 1035 2788 ἀγαπήσεῶς
1060 2725 1133 2776 μου.
1186 2691 1306 2764 Κατιί-
1349 2707 1438 2742 “W''

1348 2768 1456 2836 χθέντος

207 2843 334 2895 στησον
358 2813 407 2881 ἐπ’
426 2810 525 2884 orit-dv
541 2811 752 2908 ἁμαρτωλὸν,
769 2812 821 2881 καὶ
839 2810 998 2898 διιίβολος
1016 2814 1130 2891 στήτω
1147 2811 1181 2878 ἐκ
1198 2807 1306 2902 δεξιῶν
1348 2847 1465 2901 &noard-

207 2929 315 2999 αὐτοῦ.
356 2927 419 2997 Ἐν
444 2933 492 3016 τῷ
514 2928 677 3023 κρίνεσθαι
704 2925 812 3011 ούτάν,
837 2924 964 3020 ἐξέλθοι
988 2925 1306 3008 καταδεδικασμένος,
1319 2929 1461 2992 ιολονικαῖ

208 3103 300 3177 ipsum
323 3102 462 3174 passionis
484 3109 597 3176 tempus
619 3101 792 3158 obsederunt
812 3119 845 3156 nc
867 3099 1112 3164 circundederunt,
1132 3117 1191 3156 non
1211 3107 1324 3156 tomen·

209 3183 293 3240 etium
308 3182 412 3256 aliquid
425 3182 536 3239 efficere
550 3189 649 3238 contra
668 3181 745 3238 illum
765 3188 926 3254 potuerunt.
969 3181 1006 3236 Et
1019 3180 1081 3236 haec
1095 3180 1208 3254 quidem
1222 3181 1308 3237 talem

209 3263 333 3320 habeant
353 3263 501 3328 rationem,
517 3262 540 3318 εἰ
562 3262 647 3318 modo
667 3263 753 3318 etium
775 3261 818 3316 hae
836 3261 939 3316 Psalmi
958 3267 1054 3334 partes
1074 3260 1110 3316 ad
1132 3259 1308 3317 Salvatorem

210 3342 423 3416 Dominumque
447 3351 576 3399 nostrum
597 3341 764 3398 referantur.
807 3341 893 3408 Quod
916 3341 939 3396 si
964 3359 1022 3395 non
1044 3340 1080 3396 ed
1100 3339 1179 3396 illum
1201 3341 1251 3396 ned
1272 3340 1308 3396 od

209 3423 293 3479 uliam
307 3441 468 3497 personam,
483 3423 542 3497 ipse
557 3439 667 3496 quoque
682 3421 834 3495 diligenter
847 3420 987 3484 attendes.
1000 3427 1031 3475 ut
1042 3438 1075 3476 en
1089 3437 1151 3492 quoe
1166 3419 1308 3493 adipsum

209 3502 286 3559 hunc
298 3502 393 3560 locum
407 3502 549 3577 pertinent
564 3503 617 3559 sibi
630 3501 750 3558 invicem
765 3509 875 3574 aequate
887 3500 1086 3574 respondeant.
1113 3498 1308 3556 Veruntamen

210 3583 246 3639 dc
260 3583 321 3657 ipsa
334 3584 420 3639 etium
434 3583 599 3640 Judaeorum
613 3582 736 3644 civitate,
752 3581 788 3637 de
801 3581 862 3654 ipen
876 3580 990 3655 inquom
1006 3579 1194 3646 Hierusalem,
1210 3579 1308 3636 ordine

211 3662 344 3737 deinceps
352 3670 419 3737 post
427 3663 589 3719 vaticinium
600 3663 635 3718 de
645 3662 679 3720 iis
689 3661 736 3736 qui
746 3661 861 3718 insidiae
869 3660 909 3718 illi
917 3661 1045 3724 fecerint,
1055 3659 1185 3734 adjungit
1195 3659 1224 3715 in
1232 3660 1309 3716 huno

210 3742 336 3809 modurn,
369 3743 432 3800 Vidi
460 3745 630 3816 iniquitatem
657 3750 684 3798 et
714 3742 951 3798 contradictionem
978 3741 1007 3797 in
1038 3741 1156 3806 ciuitate,
1186 3749 1215 3796 et
1247 3759 1308 3812 quae

210 3831 377 3896 sequuntur,
400 3841 462 3896 quae
482 3841 538 3896 quo
562 3841 646 3879 censu
671 3823 730 3879 sint
754 3822 916 3896 accipiendo
937 3841 994 3878 non
1017 3829 1060 3877 est
1080 3837 1156 3876 nunc
1176 3820 1310 3877 narrandi

210 3909 333 3976 tempuS.

633 4001 652 4038 ιι
668 4001 785 4040 renunc
800 4001 885 4039 cvm.

148 4091 172 4166 3
253 4087 330 4143 Dens
345 4088 452 4143 landem
466 4105 599 4143 meamne
614 4091 736 4152 tacueris,
751 4089 814 4160 quin
831 4105 862 4142 os
881 4087 1311 4161 peccatoriuetosdolosieuper
1353 4105 1443 4150 Ρωοε,
1456 4117 1472 4144 ι.

212 4185 255 4222 nie
269 4175 392 4241 opertum
407 4175 453 4223 est.
485 4167 583 4224 Locuti
596 4175 658 4224 runt
672 4167 813 4224 adversum
827 4185 867 4222 me
882 4168 973 4241 linquo
988 4168 1091 4232 doloro,
1106 4175 1133 4223 ct
1146 4169 1310 4224 sermonibus
1351 4163 1444 4258 {¹53ss

212 4247 267 4302 odii
281 4249 504 4304 circundederunt
526 4267 577 4314 me.
592 4255 618 4304 et
640 4255 865 4321 oppuqnooernnt
885 4265 928 4302 me
946 4249 1044 4320 gratis.
1090 4249 1146 4304 Pro
1166 4267 1196 4302 eo
1218 4255 1248 4302 nt
1269 4265 1311 4301 rnc
1352 4262 1468 4302 ιιωτιαο

211 4327 365 4400 ἀὶὶίροτεαι,
381 4329 559 4384 detrahebant
580 4327 665 4383 miti.-
689 4345 738 4402 τρο
758 4334 849 4384 ornem
872 4327 991 4385 οτοδιιιιι.
1038 4327 1073 4382 Et
1091 4335 1240 4398 posuerunt
1260 4329 1308 4382 nd·
1351 4311 1452 4408 ’,Ἠ
