3108 4708
59 247 198 317 -493,
487 231 1027 299 Demonstravimus.
1247 236 1312 304 οτι

170 392 348 495 nuccio-psit
373 391 496 495 ἐγένετο
524 395 650 498 μέγας.
700 396 880 500 Ἀγγελος
907 397 975 507 γάρ
1000 401 1113 505 Κυρίου
1143 398 1352 531 κοιταίθάιςὲο

209 518 245 624 ἒξ
270 522 397 625 οὐρανοῦ
424 519 609 627 προσελθὸν
637 523 830 604 ἀπεκύλισε
857 525 909 605 τὶν
933 523 1020 604 λίθον
1044 523 1115 603 ἀντὶ
1139 524 1194 618 τῆς
1215 523 1310 629 θόρας

208 647 265 724 τοῦ
281 649 445 752 μνημεῖον.
491 653 616 727 Ταῦτα
634 647 672 728 δὲ
691 649 889 749 ἀναγκαίως
907 650 1110 750 παρεθέμην
1127 656 1175 734 εἰς
1193 650 1310 754 παρά-

208 803 343 850 στασιν
378 777 443 870 τῆς
479 775 517 852 ἐν
552 779 604 880 τῷ
636 779 783 882 intpp
817 776 1128 881 προφητευομένης
1162 779 1309 876 ’ἑωθινῆς

170 895 445 1003 οιάντιλήψεως.
494 901 595 980 Ἐπεὶ
620 901 691 1005 γὰρ
710 900 756 981 td
779 905 860 1005 περὶ
887 911 950 982 τοῦ
976 900 1113 986 πόθους
1136 912 1199 982 τοῦ
1224 909 1332 984 Ero-⁵

208 1026 313 1124 τῆρος
338 1025 438 1122 ἡμῶν
466 1027 642 1126 σημαίνει,
666 1029 708 1107 οὐ
735 1028 806 1128 μὴν
834 1028 1028 1135 κατέληξεν
1056 1030 1077 1127 ἡ
1106 1030 1181 1108 κατ’
1202 1030 1309 1110 αὐτόν

208 1151 387 1248 οἰκονομία
404 1152 441 1230 ἐν
459 1157 510 1258 τῷ
526 1150 642 1250 πόθει,
661 1154 766 1238 τέλος
785 1153 822 1233 δὲ
841 1162 904 1234 τοῦ
920 1155 1059 1239 πόθους
1077 1155 1098 1253 ἡ
1117 1158 1156 1234 έκ
1175 1164 1308 1259 νεκρῶν

208 1273 407 1360 ἀνοίστασις
421 1275 536 1376 ἦνκαὶ
554 1280 577 1377 ἦ
596 1281 789 1385 ἀντίληψις
806 1281 830 1379 ἡ
848 1278 984 1378 ἑωθινὴ,
999 1277 1140 1365 εἰκότως
1158 1282 1178 1359 ό
1196 1280 1307 1382 λόγος

206 1407 258 1507 τῷ
274 1399 468 1509 παραδόξῳ
485 1401 579 1481 τέλει
598 1402 663 1501 τὴν
680 1403 826 1510 γραφὴν
844 1407 1054 1502 ἀνατίθεται,
1070 1409 1118 1490 ὡς
1135 1411 1199 1504 τῆς
1217 1409 1301 1485 ὑπο·
1318 1440 1347 1476 10

207 1525 339 1611 θέσεως
371 1527 515 1628 ἀπάσης
544 1533 602 1609 καὶ
632 1536 704 1610 τῶν
732 1531 805 1634 πρὸ
833 1538 897 1610 τοῦ
928 1529 1054 1614 τέλους
1085 1531 1337 1633 παθημάτωνᾶ

205 1658 269 1752 τῆς
297 1657 336 1733 ἐκ
368 1663 499 1758 νεκρῶν
530 1655 764 1740 ἀναστάσεως
796 1662 855 1736 καὶ
888 1662 952 1756 τῆς
983 1658 1211 1765 ἀντιλήψεως
1244 1664 1307 1758 τῆς

165 1821 197 1870 η
206 1781 350 1879 ἑωθινῆς
368 1779 482 1861 ἕνεκεν
498 1779 732 1884 1“γενοριένων.
793 1783 917 1864 Είπάιν
936 1791 1024 1884 γοῦν
1050 1786 1069 1862 ὁ
1096 1783 1223 1887 Σωτὴρ
1249 1789 1308 1866 καὶ

206 1907 338 2009 Κύριος
362 1909 462 2007 ἡμῶν
487 1906 575 2006 τὸ,ο“
601 1910 686 1994 Θέας
712 1919 726 1991 i
752 1913 838 1995 Θαίς
865 1946 930 2013 μιν
957 1911 1106 2017 πρόσχες
1123 1947 1194 2016 μοι,
1222 1915 1310 1992 irari

204 2033 434 2134 ἐγκατέλιπές
468 2063 526 2140 με·
564 2039 623 2114 καὶ
656 2035 739 2142 ἑξῆς
766 2035 959 2137 ἐπαγαγὼν
987 2035 1040 2133 τὸ,
1071 2036 1139 2140 ἑγῶ
1172 2034 1214 2117 θέ
1237 2047 1326 2144 τίμια

203 2159 353 2266 σκώληξ,
369 2167 428 2240 καί
443 2166 501 2242 οὐκ
514 2158 689 2265 ἅνθρωπος,
705 2156 820 2247 ίνιιθος
833 2159 1015 2269 ἀνθρώπων,
1030 2170 1090 2243 καὶ
1111 2159 1306 2270 ὲξινθένηρια

203 2287 303 2363 λαοῦ·
348 2289 408 2363 καὶ
438 2286 488 2364 ἔτι
517 2289 690 2389 προσθεὶς
717 2285 770 2384 τὸ,
797 2286 1070 2394 περιικόκλωσιίν
1101 2323 1147 2393 με
1179 2291 1305 2392 μόσχοι

205 2417 342 2500 πολλοὶ,
363 2413 471 2517 ταῦροι
490 2414 595 2496 πίονες
617 2409 788 2518 περιέσχον
806 2447 864 2515 με,
884 2417 942 2491 καὶ
960 2418 1090 2518 σαφῶς
1107 2409 1171 2491 τόν
1189 2413 1302 2492 odua-

204 2566 267 2612 τον
298 2536 405 2614 αὑτοῦ
443 2537 778 2641 προμαρτυρόμενος
810 2537 869 2617 διὰ
899 2536 942 2617 τὸ
976 2546 1021 2623 εἰς
1053 2540 1130 2634 χοῶν
1164 2535 1304 2618 θανοίτον
1315 2576 1346 2613 10

206 2663 408 2762 κατίγιιγέε
426 2699 485 2767 με,
504 2663 552 2742 'iri
571 2664 769 2742 ἐκόκλωσοίν
787 2698 831 2766 με
855 2663 1102 2752 adversata),
1122 2662 1303 2763 σννοιγωγη

204 2786 448 2894 τοιηρενομένων
472 2788 630 2895 περιέσχε
646 2824 704 2892 με,
725 2788 847 2893 ὤρυξαν
871 2787 988 2893 χοῖρός
1011 2823 1076 2890 μιν
1104 2795 1163 2865 καὶ
1192 2782 1303 2872 πίθοις

561 2976 746 3052 Ῑγινομίνιιν]
762 2977 900 3052 γενομένης
916 2977 946 3032 Ρ.

202 3155 298 3204 umen
313 3147 451 3223 adjungit,
469 3149 513 3206 lio
534 3167 593 3221 ηκα
613 3148 747 3206 illucescit
767 3150 896 3206 lacuum
916 3148 1304 3214 conterminatione

204 3226 382 3302 andolere,
397 3235 422 3284 et
437 3230 494 3285 alio
509 3229 604 3285 Morio
618 3229 708 3286 cidere
721 3229 903 3302 sepulchrum,
918 3238 945 3286 et
959 3247 1019 3285 ecee
1034 3236 1199 3285 terremotus
1205 3229 1305 3304 sactus

201 3315 242 3363 est
263 3325 387 3382 maguus.
428 3309 552 3382 Angelus
576 3311 647 3364 enim
672 3309 784 3364 Domiti
807 3309 963 3366 decendero
990 3309 1022 3365 de
1043 3310 1108 3364 coelo
1131 3311 1250 3372 occemit,
1276 3317 1303 3364 ει

201 3389 318 3444 revolvit
343 3389 460 3462 lapidem
484 3389 520 3444 ob
544 3391 612 3445 ostio
635 3391 807 3445 monumenti
853 3387 925 3444 Hsec
952 3387 1047 3444 addidi
1074 3387 1244 3452 necessario,
1269 3396 1303 3444 ut

201 3467 381 3524 ostenderem
396 3487 525 3542 quaenam
539 3468 624 3525 sites
643 3485 707 3543 quse
725 3468 755 3524 iu
769 3467 881 3524 Psalmo
895 3467 1057 3541 praedicitur
1076 3467 1219 3541 susceptio
1240 3483 1300 3522 ma-

201 3547 302 3603 tutina
344 3548 420 3603 Nam
436 3567 522 3622 quum
536 3549 678 3623 significet
691 3566 726 3604 ea
739 3567 801 3622 quie
815 3548 852 3603 ed
865 3548 1025 3621 passionem
1039 3546 1196 3604 salvatoris
1209 3547 1301 3602 nostri

200 3626 353 3700 pertinent,
368 3629 464 3684 necin
478 3627 610 3702 passione
624 3627 738 3684 desierit
752 3645 786 3684 ee
802 3645 864 3701 quse
886 3627 923 3684 ed
943 3627 1035 3702 ipsum
1056 3634 1165 3701 spectet
1187 3626 1299 3699 dispen-

200 3705 283 3770 satio,
297 3705 436 3780 passionis
449 3725 518 3764 vero
539 3707 603 3764 finis
623 3709 685 3782 ipse
705 3707 791 3764 fuerit
809 3725 827 3763 a
847 3716 939 3764 morte
957 3707 1095 3764 advitam
1115 3706 1257 3763 restitutio
1271 3713 1301 3762 et

200 3786 340 3843 matutina
353 3788 504 3862 susceptio,
514 3787 616 3844 merito
627 3787 771 3844 oraculum
781 3787 848 3881 baio
855 3788 905 3845 fini
915 3787 1072 3844 admirabili
1086 3786 1175 3860 ipsam
1188 3785 1301 3843 dedicat

200 3865 378 3940 scripturam,
394 3885 451 3923 uon
466 3885 547 3924 secus
561 3885 594 3923 ac
608 3868 632 3923 si
646 3887 730 3924 omne
751 3868 913 3942 hujusmodi
934 3875 1134 3942 argumentum
1153 3874 1183 3922 et
1202 3883 1299 3922 earum

199 3945 382 4002 vexationum
404 3965 466 4022 ques
483 3948 570 4004 finem
588 3947 691 4022 ipsum,
713 3948 837 4005 reditum
855 3948 953 4021 utique
973 3947 1009 4003 de
1032 3954 1125 4003 morte
1146 3945 1182 4002 ad
1200 3946 1298 4013 vitam,

200 4032 414 4082 antecesserunt
437 4035 467 4084 et
490 4028 677 4102 susceptionis
704 4027 850 4084 matutinae
875 4045 960 4084 ceusu
983 4026 1130 4084 inductum
1154 4025 1200 4083 sit.
1241 4026 1300 4084 Ubi

200 4122 271 4178 ergo
285 4103 417 4164 Salvator
431 4126 464 4164 sc
478 4107 620 4164 Dominus
633 4106 702 4163 illud
716 4107 797 4175 dixit,
814 4108 892 4163 Deus
906 4108 1070 4164 Dessmetts
1083 4107 1185 4181 respice
1198 4109 1227 4163 irs
1246 4124 1298 4175 mc,

200 4201 283 4256 ηαατα
305 4186 471 4261 dereliquisti
493 4189 561 4243 me?
588 4205 622 4244 ac
646 4187 779 4260 deinceps
801 4185 871 4243 illud
894 4186 1011 4253 addidit,
1037 4187 1098 4260 Ego
1124 4195 1216 4244 catera
1239 4201 1299 4242 ιιιιιι

199 4266 296 4321 remis
310 4273 338 4322 ct
350 4283 405 4322 αοα
419 4267 507 4333 homo,
523 4267 698 4341 opprobrium
719 4267 864 4335 lominum,
879 4275 906 4324 et
920 4267 1036 4340 objectio
1046 4266 1164 4342 populi:
1188 4281 1297 4322 necnon
