3120 4716
65 269 193 336 -473.
469 248 696 314 nunonsu.
722 249 892 314 nunno.
917 251 962 314 x.
981 267 1009 312 ι.
1245 249 1310 313 ιιι

199 407 336 507 Ὅμοια
360 418 448 511 γοῦν
471 408 609 494 τούτοις
636 413 715 490 ἐστὶ
742 416 801 490 καὶ
830 409 876 490 τὰ
905 412 942 490 ἐν
966 417 1018 517 τῷ
1041 415 1198 515 Ψαλμῷ,
1216 412 1255 488 ἐν
1279 402 1351 516 ᾧρ.
1362 435 1424 505 473

205 533 425 630 λε’λειιται,η
450 532 578 645 καρδία
603 571 669 642 μιν
692 535 858 645 ἐταράχθη
877 538 906 616 ἐν
926 537 1009 640 ε’μιί,
1031 544 1089 616 καὶ
1114 533 1225 616 δειλία
1243 534 1308 617 θα-

207 663 300 742 ιιίτιν
325 661 488 743 ἑπέπετει
510 663 564 742 ἐπ’
585 660 657 768 ε’μί.
716 666 821 757 Φόβος
842 671 901 743 καί
921 664 1035 769 τρίμις
1054 657 1144 755 ι’ίλθεν
1164 664 1216 742 ἐπ’
1237 661 1309 767 ἐμὲ,

208 797 267 870 καὶ
295 783 464 896 εἰιάλσδί
485 823 531 893 με
558 789 689 879 αιιίτος,
710 790 751 868 δι’
770 785 821 867 ὧν
838 795 910 868 τῶν
935 787 1180 887 ἀντικειμένων
1199 787 1333 879 δυνά-η

170 950 301 1014 ιημειον
319 914 383 999 τὰς
402 915 478 994 κατ’
500 914 609 994 αὐτοῦ
628 911 741 1017 ὁρμὰς
762 913 939 1014 σημαίνει.
989 917 1055 998 Ὡς
1073 923 1162 1017 γοῦν
1178 917 1217 994 ἐν
1234 923 1311 999 ταῖς

206 1043 439 1148 προφητείαις
468 1039 678 1140 ὠνόμασταί
705 1075 740 1120 τι
768 1049 907 1138 πνεῦμα
937 1041 1112 1142 πορνείας,
1140 1040 1230 1122 κατὰ
1257 1041 1311 1139 τὸ,

207 1168 372 1274 πνεύματι
392 1169 541 1274 πορνείας
559 1165 802 1263 ε’πλαιιίθησαν,
821 1171 880 1246 καὶ
901 1167 997 1245 ἄλλο
1019 1169 1153 1271 πνεύμα
1179 1169 1311 1262 πλανύ-

208 1331 293 1381 τιιις
305 1297 335 1376 ἐι
349 1296 389 1404 τῇ
400 1295 516 1402 εριὶμῳ·
538 1292 625 1372 Ιςτὸν
644 1291 752 1372 αὐτὸν
769 1293 904 1396 τρόπον
923 1295 981 1372 καὶ
998 1301 1138 1389 πνεῦμα
1155 1293 1311 1373 θανάτου
1323 1334 1353 1369 ιο

208 1422 260 1523 εἴη
292 1419 336 1500 ἂν
365 1419 497 1505 δειλίας
532 1419 726 1520 ποιητικὸν,
755 1422 803 1504 ὡς
836 1424 895 1499 καὶ
923 1427 1063 1517 πνεῦμα
1094 1417 1220 1524 ἰσχύος
1252 1421 1310 1499 καὶ

209 1546 389 1646 δυνάμεως
424 1550 483 1626 καὶ
519 1548 679 1649 ἀνδρείας
715 1551 778 1644 τῆς
814 1544 906 1625 κατὰ
940 1546 1035 1626 θεὸν
1072 1544 1307 1648 ἐνεργητικόν.

171 1675 319 1756 ιιΟίίτω
356 1677 386 1754 δ
415 1671 461 1752 ἂν
493 1675 636 1778 λεχθείη
666 1680 806 1770 πνεῦμα
838 1672 957 1778 φόβου
989 1675 1048 1751 καὶ
1077 1669 1222 1774 τρόμου,
1253 1676 1341 1753 ratu

208 1798 320 1879 πάλιν
339 1799 458 1902 ἕτερον
476 1798 575 1902 παρὰ
592 1807 705 1878 ταῦτα
721 1807 860 1897 πνεῦμα
874 1797 994 1904 φόβον
1012 1803 1070 1878 καὶ
1087 1800 1311 1904 συγχύσεως,

209 1925 234 2004 ἂ
256 1929 314 2005 καὶ
341 1924 476 2028 σχεδὸν
503 1931 610 2004 εἰπεῖν
638 1923 755 2004 ἅπασι
782 1924 847 2019 μὲν
873 1932 947 2008 τοῖς
974 1928 1012 2004 ε’ν
1038 1927 1220 2032 μαρτυρίηι
1248 1923 1312 2004 τὸν

210 2049 297 2155 ὑπὲρ
321 2051 503 2145 εὐσεβείαις
532 2049 687 2129 θάνατον
714 2052 983 2154 ἀναδεχομένοις
1012 2055 1173 2158 ἐφορμᾶν
1202 2051 1335 2149 etone„

210 2176 307 2256 πολὺ
328 2175 439 2257 πλέειν
463 2176 500 2256 δὲ
524 2178 581 2256 καὶ
606 2183 750 2274 μᾶλλον
776 2177 981 2257 ἐπιτέθειται
1009 2179 1106 2282 αὐτῷ
1132 2176 1195 2258 τὸν
1224 2176 1312 2281 ὑπὲρ

174 2337 201 2388 15
212 2299 379 2382 ἁπάντων
398 2300 552 2382 θάνατον
570 2303 806 2400 ὑπομείναντι.
857 2301 966 2401 Πλὴν
984 2304 1069 2382 ἀλλ’
1089 2305 1156 2384 ε’ίτε
1174 2313 1313 2403 πνεῦμα

212 2427 344 2512 δειλίας
363 2431 421 2507 καὶ
447 2428 612 2525 θανάτου,
630 2429 698 2508 εἴτε
718 2427 836 2536 φόβον
855 2433 913 2510 καὶ
931 2429 1075 2534 τρόμου,
1094 2428 1117 2530 ἢ
1137 2431 1169 2510 εί
1184 2465 1237 2515 τις
1256 2431 1313 2533 1γε

212 2555 313 2656 ἑτέρα
334 2553 478 2653 τοιαύτη
501 2553 646 2650 δύναμις
669 2554 909 2635 ε’πιπεθττιοκεν
928 2557 1034 2661 αὐτῷ,
1053 2558 1137 2634 ἀλλ’
1158 2559 1203 2636 οὕ
1217 2591 1251 2637 τι
1269 2590 1311 2658 γε
1322 2600 1352 2634 ιο

212 2679 424 2785 κατέρραξεν
450 2679 568 2776 αὐτὸν,
594 2681 678 2776 ἐπεὶ,
697 2678 754 2758 οἶα
780 2687 939 2779 γενναῖος
966 2679 1136 2780 ἀθλητὴς,
1153 2681 1220 2781 τὴν
1246 2681 1312 2781 μέν

214 2807 347 2886 δειλίαν
371 2815 436 2885 τοῦ
459 2806 613 2886 θανάτου
631 2803 841 2905 πεποιθήσει
860 2807 959 2908 ζωῆς,
978 2806 1083 2891 αὐτὸς
1101 2807 1172 2911 γὰρ
1190 2810 1212 2907 ἡ
1230 2806 1338 2910 ζωὴ,α

530 2956 673 3016 krtvonn
691 2961 720 3018 S.
808 2957 861 3034 Ῑγε
876 2963 938 3018 edd.
954 2964 986 3019 P.

212 3091 297 3149 etism
317 3109 379 3165 quae
395 3091 524 3148 Psalmns
536 3090 583 3148 hic
597 3091 734 3156 continet,
749 3091 798 3148 ubi
818 3091 859 3148 sic
880 3091 930 3155 nit,
947 3092 1001 3148 Cor
1016 3111 1105 3150 ιιιειιιιι
1123 3095 1313 3151 conturbatum

212 3181 251 3229 esf
264 3175 294 3227 ιἰι
307 3191 358 3238 me,
369 3179 397 3228 et
401 3171 529 3247 formido
537 3175 633 3228 mortis
646 3173 743 3228 cecidit
756 3191 836 3246 super
844 3191 895 3238 me,
907 3181 934 3228 ef
945 3182 1117 3230 contexerunt
1128 3174 1312 3231 metenebrae:

213 3252 315 3327 quibus
328 3253 422 3308 verbis
443 3251 647 3308 contrariarum
668 3260 842 3325 potestatum
864 3261 983 3308 conatus
1002 3253 1152 3310 adversum
1173 3273 1204 3310 se
1223 3255 1312 3328 signi·

213 3335 288 3390 ficut.
330 3332 578 3401 Quemadmodum
592 3333 668 3390 enim
679 3332 709 3387 iu
724 3331 881 3406 prophetiis
894 3332 1058 3389 nominatur
1070 3334 1184 3407 quidem
1198 3334 1313 3408 spiritus

212 3413 418 3477 fornicationis,
433 3420 466 3469 ut
486 3423 530 3470 est
548 3413 625 3478 illud,
640 3414 740 3485 spirits
753 3411 951 3487 fornicationis
971 3413 1177 3478 aberraverunt,
1192 3420 1222 3470 et
1242 3413 1313 3470 nlius

213 3493 326 3567 spiritus
339 3496 438 3549 erroris
452 3495 480 3548 in
494 3495 611 3556 deserto.
626 3493 666 3548 its
687 3491 772 3548 etium
789 3491 905 3568 spiritus
921 3492 1006 3549 fuerit
1019 3491 1198 3549 formidinem
1213 3494 1313 3550 mortis

213 3571 357 3630 efficiens=
380 3591 448 3630 sune
469 3581 500 3629 ut
519 3573 604 3630 etium
625 3571 741 3647 spiritus
759 3571 879 3641 roboris,
894 3581 922 3630 et
936 3573 1080 3648 potentiae,
1095 3579 1125 3629 et
1138 3571 1313 3630 fortitudinis

213 3653 285 3728 ejus,
309 3672 372 3728 quoe
396 3654 458 3709 Deo
483 3653 575 3713 alienu
596 3671 654 3709 non
679 3661 732 3717 est,
758 3653 870 3710 author.
913 3653 1009 3721 Quare
1034 3653 1182 3710 nicetium
1205 3653 1314 3710 dicetur

214 3733 329 3806 spiritus
354 3733 466 3790 timoris
489 3751 522 3790 oc
544 3732 685 3797 tremoris,
710 3740 860 3789 strumus
884 3734 957 3790 nlius
980 3743 1084 3807 preter
1111 3733 1174 3801 hos,
1198 3733 1313 3808 spiritus

213 3813 324 3870 timoris
338 3823 368 3870 et
376 3813 558 3878 confusionis,
568 3813 615 3887 qui
625 3813 738 3887 quidem
753 3831 836 3887 pens,
846 3821 878 3870 ut
886 3813 926 3868 itu
939 3813 1068 3879 dixerim,
1078 3831 1178 3870 omues
1192 3821 1314 3870 mortem

214 3911 267 3968 pro
276 3912 344 3950 vern
358 3893 496 3968 religione
511 3893 665 3950 testimonii
676 3892 768 3968 gretie
783 3893 936 3950 subeuntes
948 3893 1082 3950 invadere
1096 3903 1313 3958 consueverunt,

215 3992 248 4030 sc
261 3974 353 4032 multo
366 3974 452 4030 etium
467 3974 558 4048 magis
571 3973 714 4049 longeque
728 3973 922 4030 vehementius
936 3973 1014 4030 illum
1029 3973 1158 4048 aggressi
1173 3981 1249 4042 sunt,
1264 3974 1313 4048 qui

214 4072 266 4128 pro
279 4054 411 4110 omuibus
425 4062 546 4110 mortem
561 4053 702 4111 sustinuit.
733 4054 928 4111 Veruntamen
949 4054 1009 4110 sive
1028 4053 1143 4128 spiritus
1156 4053 1314 4111 formidinis

215 4143 244 4190 et
258 4134 367 4199 mortis,
377 4134 436 4190 sive
446 4133 556 4192 timoris
571 4141 600 4191 et
612 4133 754 4198 tremoris,
766 4135 824 4191 sive
839 4134 893 4191 ulio
906 4135 1045 4211 quapiam
1059 4134 1186 4209 ejusdem
1201 4135 1314 4210 generis

215 4221 342 4288 potestus
356 4215 433 4271 illum
448 4214 547 4272 adorta
561 4223 614 4283 est,
626 4231 659 4270 eu
673 4213 751 4270 illum
762 4233 820 4270 nou
835 4214 985 4290 confregit,
997 4224 1145 4290 propterea
1159 4215 1236 4290 quod
1249 4223 1314 4271 tuu-

216 4311 300 4367 quum
325 4311 481 4370 generosus
505 4303 628 4352 certator
655 4293 835 4352 formidinem
864 4296 976 4370 quidem
1005 4295 1113 4363 mortis,
1142 4294 1315 4352 confidentia
