3130 4722
70 222 208 310 -3⁶3·
421 237 648 304 nnnonsn.
672 242 842 309 Ευλυα.
867 245 965 309 vm.
984 247 1122 310 ςιοοο.
1262 249 1320 313 rar

219 399 279 476 καὶ
311 400 383 479 οῦδ
409 402 536 502 ἄλλος,
563 410 583 485 ὁ
613 416 686 488 τῶν
719 410 857 491 αι’ὥνων
886 413 1126 518 προῦφεστὼς
1157 411 1229 497 υίὸς
1261 424 1325 494 τοῦ

219 530 326 622 Θεοῦ,
359 525 400 606 bv
432 529 490 608 διά
520 539 593 613 τῶν
624 533 752 638 ἐτέρων
783 535 877 616 Θεόν
910 572 948 616 τε
981 541 1038 617 καὶ
1075 539 1208 640 Κύριον
1239 547 1324 620 ιικαὶ

218 653 512 757 ἀρχιστράτηγον
540 666 598 738 καὶ
624 662 787 762 μεγάλης
814 668 953 760 βουλῆς
980 663 1138 765 ἄγγελον
1162 669 1258 744 θεοῦ
1285 699 1323 745 τε

219 779 385 881 ἀρχιερέα
417 781 606 887 τυγχάνειν
635 787 969 889 προμεραθήκαμεν,
999 791 1204 874 ἀκολούθως
1232 791 1345 889 ilerde

219 901 267 982 τά
288 909 615 1013 προδιεξωδευμένα
640 911 721 998 τοῦς
742 911 890 1018 χρόνους
909 919 973 1012 τῆς
990 917 1196 1022 ἐπιφανείας
1214 919 1322 997 αὑτοῦ

218 1029 333 1110 πάλιν
351 1034 396 1138 ἐξ
412 1036 529 1114 αὐτῶν
547 1043 619 1117 τῶν
636 1045 870 1145 προφητικῶν
890 1041 1125 1144 προρρήσεων
1143 1045 1319 1148 Χἐπιμαρ-

218 1159 414 1259 τυρῶμεθσ,
434 1164 571 1243 ἐνθένδε
590 1165 795 1270 ἀρξάμενοι.
985 1247 990 1258 ,
1330 1203 1363 1266 p.
1377 1183 1440 1265 363

192 1311 207 1344 ²
275 1289 360 1364 Τῶν
394 1285 533 1391 χρόνων
566 1295 630 1387 τῆς
661 1300 725 1370 τοῦ
757 1296 922 1395 Χριστοῦ
952 1294 1153 1394 παρουσίας
1185 1298 1321 1398 ἐκφανῆ

216 1419 349 1510 σημεῖα
374 1413 459 1494 τάδε
481 1415 630 1496 ἔσεσθαι
654 1418 963 1521 προκηρύττουσιν
990 1425 1027 1496 αἱ
1053 1423 1140 1520 ἱεραὶ
1166 1424 1317 1524 γραφαί.

184 1563 186 1568 ·
217 1542 360 1640 ’Τριῶν
386 1537 430 1619 τὸ
456 1545 542 1644 πρὶν
568 1544 753 1648 ἐπιφανῶν
780 1543 992 1650 ἀξιωμάτων
1018 1542 1118 1647 παρὰ
1138 1546 1321 1646 Ἑβραίοις

217 1663 486 1765 διαπρεπάντων
515 1669 558 1747 δι’
584 1665 635 1747 ῶν
662 1669 704 1747 τὸ
737 1668 837 1753 ἔθνος
865 1677 1120 1772 συνεκροτεῖτο,
1149 1667 1226 1753 ἐνὸς
1254 1670 1340 1769 μένε

216 1799 281 1870 τοῦ
298 1800 504 1890 βασιλικοῦ,
524 1794 643 1895 ἐτέρου
661 1796 700 1875 δὲ
723 1805 788 1876 τοῦ
811 1804 1046 1901 προφητικοῦ,
1065 1801 1123 1875 καί
1149 1798 1206 1876 ε’πὶ
1230 1796 1315 1876 τού·

215 1934 289 1984 τοις
313 1912 378 1982 τοῦ
401 1907 656 2008 ἀρχιερατικοῦ,
674 1904 811 1985 τούτων
837 1909 926 2004 ὁμοῦ
944 1904 1009 2005 τὴν
1034 1905 1235 1986 κατάλυσιν
1260 1912 1317 1986 καὶ

214 2025 281 2124 τὴν
304 2032 465 2127 παντελῆ
491 2030 698 2131 καθαίρεσιν
715 2039 848 2130 σημεῖα
865 2034 929 2130 τῆς
946 2041 1010 2110 τοῦ
1029 2037 1193 2132 Χριστοῦ
1218 2067 1312 2134 παρ-

189 2155 340 2236 εουσίας
368 2155 519 2236 ἔσεσθαι
547 2155 770 2258 θεσπίᾷνυσι.
830 2157 1019 2258 Δείγματα
1043 2157 1080 2236 δέ
1105 2164 1178 2237 τῶν
1199 2160 1357 2237 αῦτῶνιο

213 2275 300 2358 εἶναι
318 2280 458 2384 χρόνων
477 2284 534 2361 καὶ
553 2285 616 2379 τῆς
634 2281 726 2360 κατὰ
746 2281 889 2361 Μωσέα
914 2284 1105 2384 θρησκείας
1123 2282 1189 2382 τὴν
1210 2299 1344 2386 περι-ο

212 2404 372 2509 γραφὴν,
390 2411 453 2505 τῆς
480 2441 519 2486 τε
543 2406 784 2509 Ἰερουσαλὴμ
812 2412 870 2487 καὶ
897 2416 961 2487 τοῦ
987 2407 1077 2511 πρὸς
1105 2409 1194 2513 αὐτῇ
1223 2415 1316 2510 ίεροῦ

212 2529 278 2629 τὴν
304 2529 495 2633 ἐρήμωσιν,
518 2534 559 2612 οῦ
586 2531 657 2634 μὴν
686 2531 785 2611 ἀλλά
813 2536 870 2612 καὶ
896 2542 959 2612 τοῦ
983 2532 1116 2614 παντὸς
1133 2534 1315 2611 Ἰουδαίων

212 2655 334 2742 ἐθνους
352 2657 418 2757 τὴν
437 2657 506 2738 ὑπὸ
525 2667 598 2742 τοῖς
616 2661 754 2762 ἐχθροῖς
773 2661 830 2736 καὶ
855 2657 1038 2755 πολεμίοις
1063 2657 1236 2750 δουλείαν,
1255 2661 1314 2736 καὶ

212 2843 228 2874 ¹¹
242 2835 283 2890 sol
297 2837 359 2890 add.
376 2836 406 2890 P.
493 2846 506 2872 ¹
522 2837 744 2909 ἐπιμαρτυρόμεθα
759 2839 792 2894 P.
883 2847 898 2892 ,λ’
913 2835 995 2889 ὄντων
1008 2834 1098 2906 τριῶν]
1115 2833 1196 2888 ὅντων
1208 2852 1263 2888 om.
1279 2836 1311 2889 Ρ.

213 2987 352 3046 Hebraeos
365 2989 482 3046 vocibus
503 2990 694 3054 nunciaretur,
709 2998 739 3046 et
752 2990 827 3064 quod
846 2989 922 3046 idern
940 3007 998 3045 non
1020 2987 1098 3052 alius,
1114 2988 1165 3044 sed
1185 2987 1245 3061 ipse
1266 2987 1312 3046 ille

212 3077 287 3126 esset
312 3067 368 3124 Dei
388 3069 471 3133 filins,
494 3069 542 3144 qui
563 3069 659 3126 omnia
680 3070 783 3126 saecula
807 3069 958 3134 antecedit,
978 3087 1117 3143 quemque
1140 3067 1169 3124 in
1192 3068 1263 3133 aliis,
1283 3078 1313 3126 et

211 3148 313 3212 Deum,
339 3157 367 3205 et
391 3149 556 3214 Dominum,
585 3159 613 3207 et
637 3150 759 3224 primum
787 3150 995 3224 imperatorem,
1021 3158 1051 3206 et
1077 3149 1174 3224 magni
1202 3149 1311 3206 consilii

211 3229 354 3303 angelum,
369 3238 399 3286 et
412 3229 466 3286 Dei
486 3230 650 3302 pontificem
672 3248 742 3296 esse,
758 3239 841 3288 autea
861 3230 1028 3288 didicimus:
1052 3229 1178 3303 sequitur
1197 3237 1229 3286 ut
1244 3238 1310 3303 post

211 3307 258 3366 illa
272 3308 368 3365 omnia
381 3328 444 3383 quae
459 3309 587 3382 superius
597 3310 737 3384 explicata
751 3319 826 3375 sunt,
836 3310 962 3384 ejusdem
977 3310 1116 3367 adrentus
1130 3316 1259 3382 tempora
1273 3327 1309 3366 ex

210 3387 279 3464 ipsis
292 3407 390 3445 rursus
405 3389 576 3462 propheticis
589 3390 819 3464 praedictionibus
840 3407 874 3446 ac
887 3389 1056 3446 testimoniis
1070 3389 1307 3450 demonstremus,

210 3467 330 3543 indeque
344 3469 454 3526 initium
470 3470 586 3544 hujusce
600 3471 641 3526 rei
655 3471 807 3544 cupiamus.
1319 3529 1323 3538 ,

251 3547 425 3622 Temporum
440 3549 525 3612 enim,
538 3549 639 3623 quibus
654 3549 761 3607 Christi
775 3549 913 3606 adventus
927 3547 1038 3604 futurus
1052 3553 1136 3610 esset,
1152 3545 1235 3618 signu
1249 3546 1307 3602 evi·

209 3628 305 3686 dentia
318 3627 380 3686 haec
393 3629 454 3685 fore
469 3647 556 3686 sacrae
570 3628 659 3687 literae
670 3631 815 3686 nunciant.
837 3629 933 3697 Quum
944 3628 1000 3684 tria
1012 3624 1168 3699 insigniora
1178 3626 1309 3698 vigerent

208 3709 283 3782 apud
298 3709 437 3766 Hebraeos
458 3709 673 3784 magistratuum
695 3728 841 3785 generas
858 3708 959 3784 quibus
980 3724 1051 3781 gens
1072 3705 1133 3778 ipsa
1154 3722 1257 3761 nomen
1279 3715 1308 3761 et

209 3787 296 3844 decus
314 3789 469 3854 obtinebat,
485 3807 572 3846 unum
591 3792 711 3864 regium,
726 3790 846 3846 alterum
865 3787 1069 3862 propheticum.
1085 3784 1199 3840 tertium
1215 3784 1307 3858 ponti-

209 3868 313 3932 ficium,
328 3867 430 3924 horum
452 3868 536 3925 simul
556 3871 682 3926 omnium
708 3869 919 3942 dissipationem
943 3877 1027 3942 atque
1050 3873 1206 3922 extremam
1228 3883 1307 3921 ever·

208 3947 317 4016 sionem
331 3949 493 4023 significare
506 3950 658 4007 adventum
674 3950 781 4007 Christi
796 3949 895 4005 adesse
909 3947 1116 4004 vaticinantur:
1140 3953 1308 4019 argumenta

207 4046 275 4084 vero
297 4038 382 4103 atque
404 4028 506 4086 indicia
524 4029 686 4087 eorumdem
710 4048 773 4086 esse
791 4038 960 4102 temporum,
983 4044 1069 4101 quum
1090 4025 1220 4082 Moseico
1241 4025 1307 4082 ritui

208 4108 293 4165 finem
308 4109 443 4184 injectum
463 4119 523 4166 tum
544 4110 632 4184 ipsius
648 4110 827 4166 Hierusalem
840 4106 1003 4182 templique,
1019 4105 1095 4178 quod
1115 4105 1144 4161 in
1167 4107 1226 4180 ipsa
1246 4113 1307 4162 erat

206 4187 368 4253 solitudine,
393 4197 453 4245 tum
481 4189 567 4246 etiam
591 4190 728 4246 universae
749 4188 874 4245 Judaicse
902 4187 982 4260 genti
1010 4186 1046 4242 ab
1074 4185 1195 4242 inimicis
1222 4195 1306 4258 atque

207 4267 336 4325 hostibus
347 4269 450 4342 jugum
468 4269 612 4326 servitutis
625 4270 797 4343 impositum.
840 4265 898 4325 Sed
917 4266 972 4323 alia
990 4275 1128 4342 praeterea
1142 4264 1306 4322 eorumdem

248 4381 314 4420 τοι..
332 4382 366 4420 ιι.
775 4383 793 4420 n
808 4365 826 4420 d
