3132 4714
56 261 182 330 -293.
436 247 665 314 DEMONST.
689 249 860 315 EVANG.
884 234 1010 314 v11.1.
1232 249 1293 314 631

198 447 257 499 κες
275 418 350 518 ὑμῖν
371 417 490 494 ιιοποῧν
508 413 705 522 εὀνθροίπους,
725 415 772 495 ’ίτι
794 416 935 495 ιιοποῧτε
953 413 1003 494 τόν
1022 417 1101 495 Θείν
1117 452 1208 520 μου,
1239 412 1297 494 lale
1309 455 1339 492 ιο

195 542 287 618 reiro
315 534 412 619 δώσει
437 539 576 646 “Κυ’ριος
608 539 706 626 alric
734 545 808 644 ὑμῖν
837 546 977 642 σημεῖον.
1035 539 1118 620 ’llil
1147 546 1165 635 ή
1196 551 1297 626 νεᾶνις

196 665 443 770 συλλαμβάνει
473 675 532 747 καί
561 669 664 747 τίκτει
693 664 764 762 otii,
785 674 845 746 reni
874 665 1034 751 καλέοεις
1064 668 1168 771 leopos
1197 670 1297 746 αὐτοῦ

155 793 426 894 εοἘμμανουήλ.
455 789 602 890 Ἐπειδὴ
620 789 692 893 γὰρ
709 799 774 871 τοῦ
786 793 967 872 Ἰουδαίων
980 793 1103 878 ἔθνους
1120 790 1162 871 τὸ
1180 803 1326 891 σκλη-(1

194 912 259 1015 ρὸν
283 925 348 995 τοῦ
371 915 506 1018 τρόπου
531 919 589 996 καὶ
612 914 703 1018 πρὸς
728 916 911 1012 εὐσέβειαν
934 918 1147 998 δυσένδοτον
1166 921 1298 1019 ἱδρῶτα

194 1044 254 1122 καὶ
271 1041 383 1123 κόπον
396 1041 535 1148 μόχθον
548 1077 586 1123 τε
605 1044 647 1124 οὐ
665 1043 729 1122 τὸν
742 1043 897 1147 τυχόντα
916 1046 973 1123 καὶ
991 1047 1114 1147 ἀγῶνα
1131 1052 1296 1150 ’παρεῖχε

194 1175 268 1252 τοῖς
290 1168 406 1250 πάλαι
433 1171 620 1276 θεοφιλέων
644 1169 856 1276 προφήταις,
874 1168 1001 1250 τούτου
1027 1169 1209 1274 χάρινούκ
1228 1170 1319 1253 ουδ’-ε

195 1329 316 1396 ταρκες
340 1300 429 1398 ὑμῖν,
450 1298 554 1400 φησὶ,
573 1292 645 1381 τοδε
673 1298 849 1400 προφήτας
878 1297 933 1375 rob
951 1298 1037 1374 Θεοῦ
1064 1294 1214 1397 μοχθοῧν,
1237 1304 1296 1376 καὶ

195 1419 315 1521 &ydra
342 1418 499 1526 παρέχειν
527 1419 727 1526 εὀνθροίποιςς
757 1425 841 1500 ἀλλ’
868 1416 925 1513 ήδη
955 1428 1015 1500 καὶ
1043 1418 1096 1500 τόν
1124 1421 1204 1500 Θείν
1231 1456 1297 1523 μου

198 1551 348 1637 κοποῦτε,
364 1547 563 1657 καὶιᾶνγῶνα
582 1547 749 1654 παρέχετε
769 1549 834 1628 καί
848 1581 891 1649 γε
910 1555 955 1654 τῷ
973 1554 1050 1652 Θεῷ
1068 1579 1157 1650 μου;
1187 1549 1297 1627 Οὕτω

154 1671 266 1773 serap
283 1675 343 1752 καὶ
361 1675 561 1752 Θεοδυνίων
579 1672 758 1777 ἐξεδωκεν.
816 1673 865 1750 Ὁ
885 1680 972 1773 γοῦν
990 1669 1178 1776 προφήτης
1203 1672 1297 1757 ίδίως

194 1799 319 1878 ἑαυτοῦ
338 1795 443 1896 Θεὸν,
462 1801 545 1878 ἀλλ’
566 1801 645 1904 οὐχὶ
672 1802 731 1878 καὶ
757 1804 831 1877 τῶν
847 1798 937 1899 πρὸς
962 1797 1022 1882 oie
1048 1799 1067 1875 ὁ
1093 1796 1214 1898 λόγος,
1233 1795 1296 1877 τὸν
1308 1838 1338 1873 ιο

194 1922 413 2022 κοποόμενον
431 1927 488 2004 καὶ
512 1925 571 2004 ἐπὶ
595 1923 659 2003 τὸν
682 1926 806 2026 ἀγῶνα
829 1921 1071 2020 ἀποδυόμενον
1089 1929 1294 2025 προσεῖπεν,

194 2049 258 2127 οὐκ
282 2046 328 2127 ἂν
345 2047 470 2154 φήσας
488 2048 585 2129 Θεόν
603 2083 673 2148 μου
698 2048 761 2129 τόν
783 2051 841 2128 ἐπὶ
867 2046 1011 2163 πάντων
1030 2046 1126 2128 Θεὸν
1142 2051 1181 2129 ἐν
1198 2051 1292 2128 Ἰου-

194 2174 314 2272 δαίοις,
332 2176 415 2275 παρ’
442 2173 494 2260 οἷς
520 2176 559 2253 ἐκ
585 2175 749 2276 πατέρων
776 2174 819 2254 τὸ
850 2178 931 2277 περὶ
959 2173 1023 2255 τόν
1050 2181 1123 2254 τῶν
1148 2174 1295 2255 πάντων

153 2298 410 2402 οόδήμιουργὸν
427 2299 523 2380 Θεὸν
545 2301 659 2396 σε’βαε
687 2299 920 2404 ἐφυλάττετο.
978 2301 1044 2384 Τίς
1072 2303 1101 2379 δ’
1129 2298 1406 2400 dietate-317

195 2425 295 2526 ἀγὼν
314 2430 371 2505 καὶ
393 2422 527 2530 μόχθος
553 2423 576 2525 ἢ
602 2427 622 2504 ό
648 2424 758 2510 κόπος
775 2433 840 2505 τοῦ
856 2427 1167 2530 προφητευομένου
1186 2431 1293 2516 Θεοῦ,

193 2549 217 2649 ή
244 2548 288 2629 τὸ
315 2557 363 2633 είς
390 2550 587 2653 ἀνθρώπων
613 2551 754 2651 γε’νεσιν
773 2553 901 2648 ἐλθεῖν,
920 2551 1011 2630 κατὰ
1037 2551 1102 2650 μὲν
1120 2553 1211 2648 ἡμᾶς
1236 2555 1295 2631 καὶ

194 2675 350 2776 τὴντῶν
373 2674 616 2775 ἑβδομήκοντα
640 2677 836 2776 ἑρμηνείαν,
853 2678 892 2754 εἰς
918 2676 1096 2777 παρθένου
1121 2676 1316 2777 prouolue-s

485 2861 501 2894 ¹¹
515 2851 608 2925 Κύριος
621 2854 684 2908 edd.
700 2853 731 2908 Ρ.
813 2861 829 2893 ¹
843 2855 967 2925 παρεῖχον
982 2853 1010 2908 S.

193 3019 249 3058 nou
270 3001 338 3056 sotir
360 2999 434 3056 nobis
456 3007 496 3055 ert
510 2999 639 3073 sotiqore
663 2998 791 3064 homiues,
814 3001 887 3074 quod
906 2998 1043 3073 sotigoiis
1064 2996 1155 3056 Deum
1177 2998 1295 3056 meum?

191 3088 307 3154 propter
320 3079 370 3136 Ιιοε
388 3078 465 3136 dubit
480 3079 620 3136 Dominus
632 3079 689 3153 ipre
705 3078 779 3136 volis
792 3080 919 3153 εἰρήναν.-
944 3079 1015 3136 Eooe
1031 3081 1124 3153 puello
1137 3081 1255 3155 concipit
1268 3089 1295 3137 et

191 3163 269 3234 perit
275 3159 379 3234 filium,
390 3167 417 3215 et
429 3159 537 3216 οοεαθίν
550 3177 645 3215 nomeu
658 3157 715 3229 ejus
725 3158 899 3216 Emmanuel.
922 3159 1064 3226 Quoniam
1078 3161 1155 3218 enim
1168 3161 1294 3218 Judniore

194 3240 291 3312 gentis
305 3257 399 3296 mores
412 3238 568 3312 asperrimi,
583 3245 613 3295 et
627 3257 644 3294 e
657 3238 762 3312 pietate
778 3237 932 3295 admodum
952 3239 1146 3306 abhorrentes,
1161 3240 1294 3299 sudorem

193 3317 377 3392 laboremque
398 3337 431 3375 so
451 3317 648 3393 fatigationem
669 3336 727 3374 uon
741 3318 888 3392 vulgarem
909 3327 993 3392 atque
1011 3329 1156 3377 certamen
1171 3321 1294 3395 antiquis

194 3397 251 3454 illis
266 3398 331 3455 Deo
352 3397 450 3456 amieis
470 3397 618 3474 prophetis
638 3397 819 3462 exhibebunt,
834 3397 950 3465 idcirco,
967 3399 1030 3454 Non
1042 3401 1114 3455 sotis
1128 3407 1177 3468 est,
1191 3400 1292 3473 inquit,

194 3477 278 3543 οοδὶν,
288 3479 346 3534 Dei
353 3477 504 3553 prophetoe
517 3477 648 3554 effligere,
664 3478 866 3550 hominibusque
878 3477 1002 3534 αελὶδετε
1015 3485 1156 3542 salomei,
1171 3480 1223 3534 oiri
1229 3478 1294 3550 jum

194 3561 276 3614 etium
290 3559 384 3615 Deum
398 3576 485 3614 meum
496 3558 635 3633 fatigetis,
650 3561 725 3630 eique
742 3557 889 3614 exhibeatis
902 3559 1064 3612 colomeo?
1078 3557 1137 3613 Neo
1153 3558 1214 3613 Deo
1227 3561 1292 3614 eim·

192 3637 312 3710 pliciter,
326 3640 373 3694 sed
389 3639 451 3694 Deo
465 3639 549 3694 meo?
570 3636 618 3694 Sic
631 3638 708 3695 enim
720 3636 900 3694 Theodotion
914 3653 1025 3710 quoque
1039 3637 1187 3693 convertit.
1223 3637 1292 3694 Pro·

195 3717 282 3791 phetn
301 3716 389 3791 igitur
410 3735 492 3774 suum
513 3717 690 3791 peculiariter
704 3716 805 3782 Deum,
820 3723 849 3772 et
863 3735 921 3773 non
936 3735 1035 3774 eorum
1054 3717 1090 3772 ed
1108 3735 1177 3791 quos
1200 3735 1293 3774 sermo

195 3796 377 3872 dirigebatur,
399 3816 463 3854 eum
485 3797 533 3871 qni
552 3805 702 3854 vexaretur
722 3804 752 3852 et
772 3797 801 3852 in
822 3805 965 3854 certamen
987 3797 1110 3862 duretur,
1131 3797 1292 3872 appellavit,

195 3877 242 3950 qui
264 3876 378 3950 quidem
398 3895 543 3950 nunquam
557 3877 649 3934 Deum
670 3895 765 3934 meum
786 3876 904 3934 dixisset
925 3896 999 3941 eum,
1014 3877 1063 3952 qui
1083 3877 1157 3952 opud
1177 3877 1294 3934 Judreos

195 3973 344 4029 supremus
363 3957 494 4022 hebetur,
509 3957 584 4032 opud
604 3975 684 4031 quos,
700 3975 783 4030 quem
802 3975 820 4012 n
833 3957 959 4030 putribus
972 3975 1066 4014 rerum
1081 3956 1207 4014 omnium
1224 3976 1292 4015 oon·

195 4034 295 4092 ditoris
308 4036 361 4093 Dei
376 4036 483 4094 cultum
497 4037 552 4114 ipsi
565 4047 741 4111 acceperunt,
755 4036 780 4092 is
794 4036 1008 4111 diligentissime
1022 4037 1195 4094 servabatur.
1234 4035 1293 4094 Sed

195 4116 271 4188 quod
291 4117 407 4174 tandem
429 4135 492 4174 esse
512 4125 608 4191 potest
628 4125 781 4182 certamen,
802 4116 863 4190 quis
885 4116 975 4181 labor,
999 4134 1062 4191 quae
1080 4116 1211 4190 fatigatio
1232 4117 1294 4190 ejus

195 4193 257 4260 Dei,
272 4194 308 4252 de
323 4214 379 4269 quo
392 4197 531 4272 propheta
544 4197 678 4271 loquitur,
693 4195 747 4252 nisi
761 4195 853 4269 ipsum
868 4195 904 4250 nd
917 4195 1063 4252 hominum
1079 4196 1293 4270 generationem

195 4274 349 4332 secedere?
373 4285 402 4332 et
416 4283 477 4332 tum
492 4275 647 4333 seeundum
661 4293 724 4342 nos,
739 4283 799 4331 tum
819 4274 973 4330 seeundum
996 4273 1185 4348 Septuaginta
1205 4274 1292 4330 inter·
