<?xml version="1.0" encoding="UTF-8"?>
<!DOCTYPE html PUBLIC "-//W3C//DTD XHTML 1.0 Transitional//EN"
    "http://www.w3.org/TR/xhtml1/DTD/xhtml1-transitional.dtd">
<html xmlns="http://www.w3.org/1999/xhtml" xml:lang="en" lang="en">
 <head>
  <title>
</title>
<meta http-equiv="Content-Type" content="text/html;charset=utf-8" />
  <meta name='ocr-system' content='tesseract 3.04.00' />
  <meta name='ocr-capabilities' content='ocr_page ocr_carea ocr_par ocr_line ocrx_word'/>
</head>
<body>
  <div class='ocr_page' id='page_1' title='image "./evangelicaedemo00donagoog/evangelicaedemo00donagoog_0124.png"; bbox 0 0 3132 4714; ppageno 0'>
   <div class='ocr_carea' id='block_1_1' title="bbox 63 231 1308 317">
    <p class='ocr_par' dir='ltr' id='par_1_1' title="bbox 63 231 1308 317">
     <span class='ocr_line' id='line_1_1' title="bbox 63 231 1308 317; baseline 0.006 -23"><span class='ocrx_word' id='word_1_1' title='bbox 63 249 188 317; x_wconf 79' lang='lat'>-319.</span> <span class='ocrx_word' id='word_1_2' title='bbox 446 231 676 299; x_wconf 78' lang='lat' dir='ltr'><strong>unuousu.</strong></span> <span class='ocrx_word' id='word_1_3' title='bbox 701 231 872 299; x_wconf 70' lang='lat' dir='ltr'><strong>nvluc.</strong></span> <span class='ocrx_word' id='word_1_4' title='bbox 896 233 975 298; x_wconf 92' lang='lat' dir='ltr'>v11.</span> <span class='ocrx_word' id='word_1_5' title='bbox 993 254 1020 297; x_wconf 92' lang='lat'><strong>1.</strong></span> <span class='ocrx_word' id='word_1_6' title='bbox 1243 232 1308 302; x_wconf 78' lang='lat' dir='ltr'><strong>cur</strong></span> 
     </span>
    </p>
   </div>
   <div class='ocr_carea' id='block_1_2' title="bbox 160 397 1347 2283">
    <p class='ocr_par' dir='ltr' id='par_1_2' title="bbox 202 397 1333 1264">
     <span class='ocr_line' id='line_1_2' title="bbox 203 397 1333 502; baseline 0 -26"><span class='ocrx_word' id='word_1_7' title='bbox 203 398 323 494; x_wconf 72' lang='grc' dir='ltr'>αὐτοῦ,</span> <span class='ocrx_word' id='word_1_8' title='bbox 342 399 401 477; x_wconf 74' lang='grc' dir='ltr'><strong>καὶ</strong></span> <span class='ocrx_word' id='word_1_9' title='bbox 417 397 460 478; x_wconf 83' lang='grc' dir='ltr'>τὸ</span> <span class='ocrx_word' id='word_1_10' title='bbox 478 397 711 502; x_wconf 84' lang='grc' dir='ltr'>εύαγγελικὸν</span> <span class='ocrx_word' id='word_1_11' title='bbox 729 405 776 483; x_wconf 83' lang='grc' dir='ltr'>είς</span> <span class='ocrx_word' id='word_1_12' title='bbox 801 397 940 483; x_wconf 85' lang='grc' dir='ltr'>πάντας</span> <span class='ocrx_word' id='word_1_13' title='bbox 961 398 1169 502; x_wconf 80' lang='grc' dir='ltr'>ἀνθρώπους</span> <span class='ocrx_word' id='word_1_14' title='bbox 1187 409 1251 481; x_wconf 84' lang='grc' dir='ltr'>τοῦ</span> <span class='ocrx_word' id='word_1_15' title='bbox 1269 402 1333 480; x_wconf 86' lang='grc' dir='ltr'>ε’κο</span> 
     </span>
     <span class='ocr_line' id='line_1_3' title="bbox 202 522 1308 629; baseline -0.005 -20"><span class='ocrx_word' id='word_1_16' title='bbox 202 529 268 624; x_wconf 82' lang='grc' dir='ltr'>τῆς</span> <span class='ocrx_word' id='word_1_17' title='bbox 287 524 466 628; x_wconf 78' lang='grc' dir='ltr'>παρθένου</span> <span class='ocrx_word' id='word_1_18' title='bbox 489 522 616 609; x_wconf 81' lang='grc' dir='ltr'>παιδὸς</span> <span class='ocrx_word' id='word_1_19' title='bbox 640 527 816 629; x_wconf 84' lang='grc' dir='ltr'>κήρυγμα,</span> <span class='ocrx_word' id='word_1_20' title='bbox 835 524 1112 606; x_wconf 74' lang='grc' dir='ltr'>καταλέλειπται</span> <span class='ocrx_word' id='word_1_21' title='bbox 1135 527 1259 606; x_wconf 84' lang='grc' dir='ltr'>αὐτίκα</span> <span class='ocrx_word' id='word_1_22' title='bbox 1285 526 1308 626; x_wconf 86' lang='grc' dir='ltr'><strong><em>ἡ</em></strong></span> 
     </span>
     <span class='ocr_line' id='line_1_4' title="bbox 203 649 1308 760; baseline 0.003 -28"><span class='ocrx_word' id='word_1_23' title='bbox 203 654 252 754; x_wconf 82' lang='grc' dir='ltr'><strong>γῆ</strong></span> <span class='ocrx_word' id='word_1_24' title='bbox 277 649 351 732; x_wconf 81' lang='grc' dir='ltr'><strong>ἀπὸ</strong></span> <span class='ocrx_word' id='word_1_25' title='bbox 374 651 576 755; x_wconf 81' lang='grc' dir='ltr'>προαῶπου</span> <span class='ocrx_word' id='word_1_26' title='bbox 593 658 693 732; x_wconf 73' lang='lat' dir='ltr'><strong>”ruis</strong></span> <span class='ocrx_word' id='word_1_27' title='bbox 710 657 804 732; x_wconf 86' lang='grc' dir='ltr'>δυεῖν</span> <span class='ocrx_word' id='word_1_28' title='bbox 825 652 1022 749; x_wconf 82' lang='grc' dir='ltr'>βασιλέων.</span> <span class='ocrx_word' id='word_1_29' title='bbox 1080 652 1153 760; x_wconf 81' lang='grc' dir='ltr'><strong>Ἐξ</strong></span> <span class='ocrx_word' id='word_1_30' title='bbox 1177 653 1308 735; x_wconf 84' lang='grc' dir='ltr'>ἐκείνου</span> 
     </span>
     <span class='ocr_line' id='line_1_5' title="bbox 202 776 1330 882; baseline 0.001 -20"><span class='ocrx_word' id='word_1_31' title='bbox 202 776 276 882; x_wconf 75' lang='grc' dir='ltr'><strong>γὰρ</strong></span> <span class='ocrx_word' id='word_1_32' title='bbox 293 782 358 877; x_wconf 77' lang='grc' dir='ltr'>τῆς</span> <span class='ocrx_word' id='word_1_33' title='bbox 374 779 563 876; x_wconf 80' lang='grc' dir='ltr'>Ῥωμαίων</span> <span class='ocrx_word' id='word_1_34' title='bbox 580 779 776 882; x_wconf 74' lang='grc' dir='ltr'>μοναρχίας</span> <span class='ocrx_word' id='word_1_35' title='bbox 793 785 866 858; x_wconf 92' lang='grc' dir='ltr'>τῶν</span> <span class='ocrx_word' id='word_1_36' title='bbox 880 781 992 860; x_wconf 80' lang='grc' dir='ltr'>ἐθνῶν</span> <span class='ocrx_word' id='word_1_37' title='bbox 1005 777 1330 882; x_wconf 57' lang='lat' dir='ltr'><strong>&amp;superponimus</strong></span> 
     </span>
     <span class='ocr_line' id='line_1_6' title="bbox 204 903 1308 1010; baseline 0.001 -25"><span class='ocrx_word' id='word_1_38' title='bbox 204 904 339 986; x_wconf 84' lang='grc' dir='ltr'>λε’λυτο</span> <span class='ocrx_word' id='word_1_39' title='bbox 357 903 422 1004; x_wconf 74' lang='grc' dir='ltr'><strong>μὲν</strong></span> <span class='ocrx_word' id='word_1_40' title='bbox 438 906 498 983; x_wconf 78' lang='grc' dir='ltr'><strong>καὶ</strong></span> <span class='ocrx_word' id='word_1_41' title='bbox 515 911 622 984; x_wconf 81' lang='grc' dir='ltr'>πᾶσα</span> <span class='ocrx_word' id='word_1_42' title='bbox 643 906 666 1003; x_wconf 84' lang='grc' dir='ltr'><em>ἡ</em></span> <span class='ocrx_word' id='word_1_43' title='bbox 690 904 783 984; x_wconf 80' lang='grc' dir='ltr'>κατὰ</span> <span class='ocrx_word' id='word_1_44' title='bbox 809 905 892 991; x_wconf 83' lang='grc' dir='ltr'>τούς</span> <span class='ocrx_word' id='word_1_45' title='bbox 919 905 1052 991; x_wconf 86' lang='grc' dir='ltr'>τόπους</span> <span class='ocrx_word' id='word_1_46' title='bbox 1076 908 1245 1010; x_wconf 88' lang='grc' dir='ltr'>ε’θναρχία</span> <span class='ocrx_word' id='word_1_47' title='bbox 1271 939 1308 986; x_wconf 91' lang='grc' dir='ltr'><strong>τε</strong></span> 
     </span>
     <span class='ocr_line' id='line_1_7' title="bbox 203 1027 1307 1136; baseline -0.001 -24"><span class='ocrx_word' id='word_1_48' title='bbox 203 1036 262 1112; x_wconf 85' lang='grc' dir='ltr'><strong>καὶ</strong></span> <span class='ocrx_word' id='word_1_49' title='bbox 279 1033 507 1136; x_wconf 72' lang='grc' dir='ltr'><strong>οπολιαργ(ία,</strong></span> <span class='ocrx_word' id='word_1_50' title='bbox 522 1027 629 1116; x_wconf 71' lang='grc' dir='ltr'>τέλος</span> <span class='ocrx_word' id='word_1_51' title='bbox 647 1030 685 1112; x_wconf 76' lang='grc' dir='ltr'><strong>δὲ</strong></span> <span class='ocrx_word' id='word_1_52' title='bbox 702 1031 795 1132; x_wconf 81' lang='grc' dir='ltr'>μετὰ</span> <span class='ocrx_word' id='word_1_53' title='bbox 812 1040 885 1113; x_wconf 84' lang='grc' dir='ltr'>τῶν</span> <span class='ocrx_word' id='word_1_54' title='bbox 902 1033 1029 1115; x_wconf 77' lang='grc' dir='ltr'>ἄλλων</span> <span class='ocrx_word' id='word_1_55' title='bbox 1047 1037 1105 1114; x_wconf 75' lang='grc' dir='ltr'><strong>καὶ</strong></span> <span class='ocrx_word' id='word_1_56' title='bbox 1123 1032 1169 1114; x_wconf 77' lang='grc' dir='ltr'>τὰ</span> <span class='ocrx_word' id='word_1_57' title='bbox 1186 1037 1251 1133; x_wconf 77' lang='grc' dir='ltr'>τῆς</span> <span class='ocrx_word' id='word_1_58' title='bbox 1269 1034 1307 1112; x_wconf 89' lang='grc' dir='ltr'>ε’ν</span> 
     </span>
     <span class='ocr_line' id='line_1_8' title="bbox 202 1156 780 1264; baseline -0.002 -26"><span class='ocrx_word' id='word_1_59' title='bbox 202 1163 329 1264; x_wconf 82' lang='grc' dir='ltr'>χερσὶν</span> <span class='ocrx_word' id='word_1_60' title='bbox 347 1156 530 1258; x_wconf 83' lang='grc' dir='ltr'>ἐλάμβανε</span> <span class='ocrx_word' id='word_1_61' title='bbox 548 1158 780 1264; x_wconf 68' lang='grc' dir='ltr'>προφητείας.</span> 
     </span>
    </p>

    <p class='ocr_par' dir='ltr' id='par_1_3' title="bbox 160 1281 1347 2283">
     <span class='ocr_line' id='line_1_9' title="bbox 160 1281 1347 1392; baseline 0.004 -32"><span class='ocrx_word' id='word_1_62' title='bbox 160 1325 194 1375; x_wconf 87' lang='lat' dir='ltr'><strong>s¹</strong></span> <span class='ocrx_word' id='word_1_63' title='bbox 258 1283 371 1385; x_wconf 81' lang='grc' dir='ltr'>Ῥητὰ</span> <span class='ocrx_word' id='word_1_64' title='bbox 391 1282 456 1384; x_wconf 75' lang='grc' dir='ltr'><strong>μὲν</strong></span> <span class='ocrx_word' id='word_1_65' title='bbox 474 1285 538 1364; x_wconf 82' lang='grc' dir='ltr'><strong>οὖν</strong></span> <span class='ocrx_word' id='word_1_66' title='bbox 555 1283 651 1364; x_wconf 79' lang='grc' dir='ltr'>τάδε·</span> <span class='ocrx_word' id='word_1_67' title='bbox 681 1281 772 1387; x_wconf 78' lang='grc' dir='ltr'>πρὸς</span> <span class='ocrx_word' id='word_1_68' title='bbox 798 1282 838 1365; x_wconf 74' lang='grc' dir='ltr'><strong>δὲ</strong></span> <span class='ocrx_word' id='word_1_69' title='bbox 862 1285 1018 1364; x_wconf 83' lang='grc' dir='ltr'>διάνοιαν</span> <span class='ocrx_word' id='word_1_70' title='bbox 1037 1286 1057 1364; x_wconf 84' lang='grc' dir='ltr'><strong><em>ὁ</em></strong></span> <span class='ocrx_word' id='word_1_71' title='bbox 1075 1288 1139 1383; x_wconf 78' lang='grc' dir='ltr'>τῆς</span> <span class='ocrx_word' id='word_1_72' title='bbox 1156 1292 1302 1392; x_wconf 82' lang='grc' dir='ltr'>προφη-</span> <span class='ocrx_word' id='word_1_73' title='bbox 1316 1322 1347 1358; x_wconf 90' lang='grc' dir='ltr'><strong>ιο</strong></span> 
     </span>
     <span class='ocr_line' id='line_1_10' title="bbox 203 1409 1306 1519; baseline 0.002 -29"><span class='ocrx_word' id='word_1_74' title='bbox 203 1412 297 1497; x_wconf 83' lang='grc' dir='ltr'>τείας</span> <span class='ocrx_word' id='word_1_75' title='bbox 318 1411 429 1513; x_wconf 83' lang='grc' dir='ltr'>λόγος</span> <span class='ocrx_word' id='word_1_76' title='bbox 447 1409 594 1511; x_wconf 73' lang='grc' dir='ltr'>ἁπάσης</span> <span class='ocrx_word' id='word_1_77' title='bbox 611 1415 734 1519; x_wconf 79' lang='grc' dir='ltr'>ψυχῆς</span> <span class='ocrx_word' id='word_1_78' title='bbox 761 1410 803 1492; x_wconf 85' lang='grc' dir='ltr'>τδ</span> <span class='ocrx_word' id='word_1_79' title='bbox 832 1410 1001 1496; x_wconf 75' lang='grc' dir='ltr'>εὐσταθὲς</span> <span class='ocrx_word' id='word_1_80' title='bbox 1026 1414 1086 1491; x_wconf 80' lang='grc' dir='ltr'><strong>καὶ</strong></span> <span class='ocrx_word' id='word_1_81' title='bbox 1110 1419 1306 1512; x_wconf 84' lang='grc' dir='ltr'>γαληναΐον</span> 
     </span>
     <span class='ocr_line' id='line_1_11' title="bbox 203 1535 1305 1642; baseline 0 -24"><span class='ocrx_word' id='word_1_82' title='bbox 203 1541 262 1618; x_wconf 79' lang='grc' dir='ltr'><strong>καὶ</strong></span> <span class='ocrx_word' id='word_1_83' title='bbox 286 1544 461 1642; x_wconf 80' lang='grc' dir='ltr'>είρηναῖον</span> <span class='ocrx_word' id='word_1_84' title='bbox 478 1539 644 1639; x_wconf 82' lang='grc' dir='ltr'>σημαίνει</span> <span class='ocrx_word' id='word_1_85' title='bbox 668 1543 733 1638; x_wconf 80' lang='grc' dir='ltr'>τῆς</span> <span class='ocrx_word' id='word_1_86' title='bbox 756 1537 821 1619; x_wconf 84' lang='grc' dir='ltr'>τὸν</span> <span class='ocrx_word' id='word_1_87' title='bbox 841 1537 1054 1642; x_wconf 76' lang='grc' dir='ltr'>γεννηθέντα</span> <span class='ocrx_word' id='word_1_88' title='bbox 1072 1537 1178 1636; x_wconf 85' lang='grc' dir='ltr'>Θεὸν,</span> <span class='ocrx_word' id='word_1_89' title='bbox 1197 1535 1305 1618; x_wconf 81' lang='grc' dir='ltr'>αὐτὸν</span> 
     </span>
     <span class='ocr_line' id='line_1_12' title="bbox 203 1662 1334 1773; baseline -0.003 -28"><span class='ocrx_word' id='word_1_90' title='bbox 203 1664 247 1765; x_wconf 79' lang='grc' dir='ltr'><strong>δὴ</strong></span> <span class='ocrx_word' id='word_1_91' title='bbox 274 1662 340 1745; x_wconf 80' lang='grc' dir='ltr'>τὸν</span> <span class='ocrx_word' id='word_1_92' title='bbox 354 1665 600 1766; x_wconf 76' lang='grc' dir='ltr'>Ἑμμανουὴλ,</span> <span class='ocrx_word' id='word_1_93' title='bbox 622 1665 925 1773; x_wconf 64' lang='grc' dir='ltr'>παραδεξαμένου</span> <span class='ocrx_word' id='word_1_94' title='bbox 981 1665 1087 1749; x_wconf 81' lang='grc' dir='ltr'>Ένδς</span> <span class='ocrx_word' id='word_1_95' title='bbox 1110 1664 1181 1769; x_wconf 80' lang='grc' dir='ltr'><strong>γὰρ</strong></span> <span class='ocrx_word' id='word_1_96' title='bbox 1207 1669 1334 1768; x_wconf 81' lang='grc' dir='ltr'>Χρι-ιί</span> 
     </span>
     <span class='ocr_line' id='line_1_13' title="bbox 202 1794 1305 1898; baseline 0.005 -24"><span class='ocrx_word' id='word_1_97' title='bbox 202 1802 295 1875; x_wconf 85' lang='grc' dir='ltr'>ατοῦ</span> <span class='ocrx_word' id='word_1_98' title='bbox 322 1797 380 1874; x_wconf 76' lang='grc' dir='ltr'><strong>καὶ</strong></span> <span class='ocrx_word' id='word_1_99' title='bbox 408 1803 473 1875; x_wconf 84' lang='grc' dir='ltr'>τοῦ</span> <span class='ocrx_word' id='word_1_100' title='bbox 499 1794 804 1898; x_wconf 83' lang='grc' dir='ltr'>καταγγελθίντος</span> <span class='ocrx_word' id='word_1_101' title='bbox 835 1795 926 1898; x_wconf 79' lang='grc' dir='ltr'>πρὸς</span> <span class='ocrx_word' id='word_1_102' title='bbox 957 1795 1066 1875; x_wconf 84' lang='grc' dir='ltr'>αὐτοῦ</span> <span class='ocrx_word' id='word_1_103' title='bbox 1096 1795 1209 1895; x_wconf 86' lang='grc' dir='ltr'>λόγου</span> <span class='ocrx_word' id='word_1_104' title='bbox 1241 1799 1305 1893; x_wconf 81' lang='grc' dir='ltr'>τῆς</span> 
     </span>
     <span class='ocr_line' id='line_1_14' title="bbox 202 1920 1301 2030; baseline 0.001 -28"><span class='ocrx_word' id='word_1_105' title='bbox 202 1927 276 2002; x_wconf 90' lang='grc' dir='ltr'>τῶν</span> <span class='ocrx_word' id='word_1_106' title='bbox 293 1921 494 2026; x_wconf 77' lang='grc' dir='ltr'>ἀνθρώπων</span> <span class='ocrx_word' id='word_1_107' title='bbox 511 1926 634 2028; x_wconf 76' lang='grc' dir='ltr'>ψυχῆς</span> <span class='ocrx_word' id='word_1_108' title='bbox 652 1921 922 2021; x_wconf 81' lang='grc' dir='ltr'>βασιλεύοντος,</span> <span class='ocrx_word' id='word_1_109' title='bbox 941 1926 974 2002; x_wconf 87' lang='lat' dir='ltr'><strong>oi</strong></span> <span class='ocrx_word' id='word_1_110' title='bbox 993 1925 1078 2026; x_wconf 74' lang='grc' dir='ltr'>πρὶν</span> <span class='ocrx_word' id='word_1_111' title='bbox 1096 1920 1301 2030; x_wconf 78' lang='grc' dir='ltr'>ἀποπεφεύ-</span> 
     </span>
     <span class='ocr_line' id='line_1_15' title="bbox 202 2047 1328 2151; baseline 0.003 -23"><span class='ocrx_word' id='word_1_112' title='bbox 202 2081 294 2150; x_wconf 90' lang='grc' dir='ltr'>γασι</span> <span class='ocrx_word' id='word_1_113' title='bbox 318 2047 494 2148; x_wconf 75' lang='grc' dir='ltr'>πολέμιοι,</span> <span class='ocrx_word' id='word_1_114' title='bbox 514 2047 578 2130; x_wconf 90' lang='grc' dir='ltr'><strong>δύο</strong></span> <span class='ocrx_word' id='word_1_115' title='bbox 603 2047 729 2151; x_wconf 90' lang='grc' dir='ltr'>τρόποι</span> <span class='ocrx_word' id='word_1_116' title='bbox 753 2052 980 2144; x_wconf 84' lang='grc' dir='ltr'>δυσσεβείας,</span> <span class='ocrx_word' id='word_1_117' title='bbox 1001 2047 1021 2128; x_wconf 83' lang='grc' dir='ltr'>δ</span> <span class='ocrx_word' id='word_1_118' title='bbox 1039 2083 1078 2128; x_wconf 90' lang='grc' dir='ltr'><strong>τε</strong></span> <span class='ocrx_word' id='word_1_119' title='bbox 1096 2047 1162 2149; x_wconf 89' lang='grc' dir='ltr'>τὴν</span> <span class='ocrx_word' id='word_1_120' title='bbox 1178 2053 1328 2137; x_wconf 75' lang='grc' dir='ltr'><strong>ιἐἶδον-ς</strong></span> 
     </span>
     <span class='ocr_line' id='line_1_16' title="bbox 201 2176 1301 2283; baseline 0.002 -26"><span class='ocrx_word' id='word_1_121' title='bbox 201 2177 418 2281; x_wconf 85' lang='grc' dir='ltr'>λολατρείαν</span> <span class='ocrx_word' id='word_1_122' title='bbox 441 2179 500 2257; x_wconf 82' lang='grc' dir='ltr'><strong>καὶ</strong></span> <span class='ocrx_word' id='word_1_123' title='bbox 525 2176 591 2278; x_wconf 87' lang='grc' dir='ltr'>τὴν</span> <span class='ocrx_word' id='word_1_124' title='bbox 615 2181 653 2258; x_wconf 82' lang='grc' dir='ltr'><strong>ἐν</strong></span> <span class='ocrx_word' id='word_1_125' title='bbox 677 2177 920 2282; x_wconf 87' lang='grc' dir='ltr'>πολυτρόποις</span> <span class='ocrx_word' id='word_1_126' title='bbox 946 2177 1125 2279; x_wconf 82' lang='grc' dir='ltr'>δόγμασιν</span> <span class='ocrx_word' id='word_1_127' title='bbox 1142 2180 1301 2283; x_wconf 82' lang='grc' dir='ltr'>ἑτεροδο·</span> 
     </span>
    </p>
   </div>
   <div class='ocr_carea' id='block_1_3' title="bbox 11 2299 1344 2787">
    <p class='ocr_par' dir='ltr' id='par_1_4' title="bbox 11 2299 1300 2432">
     <span class='ocr_line' id='line_1_17' title="bbox 11 2299 1300 2432; baseline 0.001 -49"><span class='ocrx_word' id='word_1_128' title='bbox 11 2337 13 2432; x_wconf 56' lang='grc' dir='ltr'>γ</span> <span class='ocrx_word' id='word_1_129' title='bbox 201 2301 286 2408; x_wconf 81' lang='grc' dir='ltr'>ξίαν</span> <span class='ocrx_word' id='word_1_130' title='bbox 311 2299 535 2398; x_wconf 75' lang='grc' dir='ltr'>ι’τποβιίλλων</span> <span class='ocrx_word' id='word_1_131' title='bbox 559 2302 769 2406; x_wconf 77' lang='grc' dir='ltr'>ἀνθρώποις,</span> <span class='ocrx_word' id='word_1_132' title='bbox 787 2307 847 2384; x_wconf 83' lang='grc' dir='ltr'><strong>καὶ</strong></span> <span class='ocrx_word' id='word_1_133' title='bbox 876 2305 897 2383; x_wconf 87' lang='grc' dir='ltr'><strong>ὁ</strong></span> <span class='ocrx_word' id='word_1_134' title='bbox 925 2302 991 2404; x_wconf 76' lang='grc' dir='ltr'>τὴν</span> <span class='ocrx_word' id='word_1_135' title='bbox 1021 2307 1059 2384; x_wconf 85' lang='grc' dir='ltr'><strong>ἐν</strong></span> <span class='ocrx_word' id='word_1_136' title='bbox 1087 2304 1192 2405; x_wconf 77' lang='grc' dir='ltr'>ἤθεσι</span> <span class='ocrx_word' id='word_1_137' title='bbox 1223 2307 1300 2384; x_wconf 90' lang='grc' dir='ltr'>δια·</span> 
     </span>
    </p>

    <p class='ocr_par' dir='ltr' id='par_1_5' title="bbox 159 2428 1304 2536">
     <span class='ocr_line' id='line_1_18' title="bbox 159 2428 1304 2536; baseline 0.003 -28"><span class='ocrx_word' id='word_1_138' title='bbox 159 2471 192 2522; x_wconf 68' lang='grc' dir='ltr'>μ</span> <span class='ocrx_word' id='word_1_139' title='bbox 202 2429 375 2536; x_wconf 70' lang='grc' dir='ltr'>στροφὴν</span> <span class='ocrx_word' id='word_1_140' title='bbox 403 2432 568 2532; x_wconf 78' lang='grc' dir='ltr'>ἐνεργῶν.</span> <span class='ocrx_word' id='word_1_141' title='bbox 627 2429 777 2511; x_wconf 81' lang='grc' dir='ltr'>Τούτων</span> <span class='ocrx_word' id='word_1_142' title='bbox 810 2433 839 2510; x_wconf 88' lang='grc' dir='ltr'>δ</span> <span class='ocrx_word' id='word_1_143' title='bbox 871 2431 934 2510; x_wconf 87' lang='grc' dir='ltr'><strong>οδν</strong></span> <span class='ocrx_word' id='word_1_144' title='bbox 965 2432 1093 2536; x_wconf 83' lang='grc' dir='ltr'>ἔφερον</span> <span class='ocrx_word' id='word_1_145' title='bbox 1125 2434 1158 2509; x_wconf 85' lang='lat' dir='ltr'><strong>oi</strong></span> <span class='ocrx_word' id='word_1_146' title='bbox 1188 2428 1304 2511; x_wconf 83' lang='grc' dir='ltr'>πάλαι</span> 
     </span>
    </p>

    <p class='ocr_par' dir='ltr' id='par_1_6' title="bbox 200 2553 1344 2787">
     <span class='ocr_line' id='line_1_19' title="bbox 201 2553 1303 2656; baseline 0.001 -20"><span class='ocrx_word' id='word_1_147' title='bbox 201 2557 414 2656; x_wconf 73' lang='grc' dir='ltr'>δηλούμενοι</span> <span class='ocrx_word' id='word_1_148' title='bbox 437 2560 633 2656; x_wconf 78' lang='grc' dir='ltr'>σωματικαὶ</span> <span class='ocrx_word' id='word_1_149' title='bbox 658 2561 825 2653; x_wconf 85' lang='grc' dir='ltr'>βασιλεῖς</span> <span class='ocrx_word' id='word_1_150' title='bbox 846 2555 894 2636; x_wconf 81' lang='grc' dir='ltr'>τὰ</span> <span class='ocrx_word' id='word_1_151' title='bbox 915 2557 1101 2656; x_wconf 88' lang='grc' dir='ltr'>σύμβολα·</span> <span class='ocrx_word' id='word_1_152' title='bbox 1132 2553 1182 2636; x_wconf 82' lang='grc' dir='ltr'><strong>ὧν</strong></span> <span class='ocrx_word' id='word_1_153' title='bbox 1200 2558 1220 2635; x_wconf 85' lang='grc' dir='ltr'><strong>ὁ</strong></span> <span class='ocrx_word' id='word_1_154' title='bbox 1238 2557 1303 2656; x_wconf 71' lang='grc' dir='ltr'><strong>μὲν</strong></span> 
     </span>
     <span class='ocr_line' id='line_1_20' title="bbox 200 2681 1344 2787; baseline -0.003 -25"><span class='ocrx_word' id='word_1_155' title='bbox 200 2689 458 2784; x_wconf 78' lang='grc' dir='ltr'>Δαμασκηνῶν</span> <span class='ocrx_word' id='word_1_156' title='bbox 481 2687 545 2782; x_wconf 79' lang='grc' dir='ltr'>τῆς</span> <span class='ocrx_word' id='word_1_157' title='bbox 571 2688 645 2762; x_wconf 91' lang='grc' dir='ltr'>τῶν</span> <span class='ocrx_word' id='word_1_158' title='bbox 670 2684 783 2764; x_wconf 80' lang='grc' dir='ltr'>ἐθνῶν</span> <span class='ocrx_word' id='word_1_159' title='bbox 807 2686 887 2787; x_wconf 80' lang='grc' dir='ltr'>περὶ</span> <span class='ocrx_word' id='word_1_160' title='bbox 919 2681 966 2761; x_wconf 81' lang='grc' dir='ltr'>τὰ</span> <span class='ocrx_word' id='word_1_161' title='bbox 998 2681 1130 2762; x_wconf 83' lang='grc' dir='ltr'>εἴδωλα</span> <span class='ocrx_word' id='word_1_162' title='bbox 1160 2683 1302 2782; x_wconf 79' lang='grc' dir='ltr'>πλάνης</span> <span class='ocrx_word' id='word_1_163' title='bbox 1312 2722 1344 2758; x_wconf 83' lang='grc' dir='ltr'><strong>ιο</strong></span> 
     </span>
    </p>
   </div>
   <div class='ocr_carea' id='block_1_4' title="bbox 201 2861 1301 3018">
    <p class='ocr_par' dir='ltr' id='par_1_7' title="bbox 201 2861 1301 3018">
     <span class='ocr_line' id='line_1_21' title="bbox 243 2861 1301 2936; baseline 0.001 -16"><span class='ocrx_word' id='word_1_164' title='bbox 243 2873 260 2908; x_wconf 67' lang='lat' dir='ltr'>fl</span> <span class='ocrx_word' id='word_1_165' title='bbox 274 2867 327 2920; x_wconf 72' lang='grc' dir='ltr'>τῶν</span> <span class='ocrx_word' id='word_1_166' title='bbox 339 2865 410 2920; x_wconf 81' lang='grc' dir='ltr'>δυεῖν</span> <span class='ocrx_word' id='word_1_167' title='bbox 422 2863 483 2920; x_wconf 80' lang='lat' dir='ltr'><strong>llll.</strong></span> <span class='ocrx_word' id='word_1_168' title='bbox 498 2862 616 2921; x_wconf 77' lang='lat' dir='ltr'><strong>PARIS.</strong></span> <span class='ocrx_word' id='word_1_169' title='bbox 659 2865 703 2920; x_wconf 87' lang='lat' dir='ltr'><strong>Sic</strong></span> <span class='ocrx_word' id='word_1_170' title='bbox 717 2861 749 2922; x_wconf 91' lang='lat' dir='ltr'><strong>S.</strong></span> <span class='ocrx_word' id='word_1_171' title='bbox 974 2871 990 2905; x_wconf 87' lang='lat'>⁰</span> <span class='ocrx_word' id='word_1_172' title='bbox 1002 2862 1151 2936; x_wconf 84' lang='grc' dir='ltr'>πολυαρχία</span> <span class='ocrx_word' id='word_1_173' title='bbox 1165 2865 1256 2922; x_wconf 77' lang='grc' dir='ltr'>τέλους</span> <span class='ocrx_word' id='word_1_174' title='bbox 1271 2865 1301 2921; x_wconf 86' lang='lat' dir='ltr'><strong>S.</strong></span> 
     </span>
     <span class='ocr_line' id='line_1_22' title="bbox 201 2945 478 3018; baseline 0.004 -18"><span class='ocrx_word' id='word_1_175' title='bbox 201 2945 434 3018; x_wconf 77' lang='grc' dir='ltr'>Ρείδιιλολοτρίον</span> <span class='ocrx_word' id='word_1_176' title='bbox 448 2945 478 3002; x_wconf 88' lang='lat' dir='ltr'><strong>S.</strong></span> 
     </span>
    </p>
   </div>
   <div class='ocr_carea' id='block_1_5' title="bbox 200 3089 1302 4375">
    <p class='ocr_par' dir='ltr' id='par_1_8' title="bbox 200 3089 1302 3570">
     <span class='ocr_line' id='line_1_23' title="bbox 200 3089 1302 3166; baseline 0.001 -19"><span class='ocrx_word' id='word_1_177' title='bbox 200 3089 314 3166; x_wconf 76' lang='lat' dir='ltr'><strong>virgine</strong></span> <span class='ocrx_word' id='word_1_178' title='bbox 337 3089 398 3148; x_wconf 84' lang='lat' dir='ltr'><strong>nuti</strong></span> <span class='ocrx_word' id='word_1_179' title='bbox 416 3089 611 3166; x_wconf 75' lang='lat' dir='ltr'><strong>evengeiicsm</strong></span> <span class='ocrx_word' id='word_1_180' title='bbox 633 3091 664 3148; x_wconf 92' lang='lat' dir='ltr'><strong>in</strong></span> <span class='ocrx_word' id='word_1_181' title='bbox 686 3109 786 3149; x_wconf 88' lang='lat' dir='ltr'><strong>omnes</strong></span> <span class='ocrx_word' id='word_1_182' title='bbox 808 3089 939 3149; x_wconf 89' lang='lat' dir='ltr'><strong>homines</strong></span> <span class='ocrx_word' id='word_1_183' title='bbox 963 3089 1203 3165; x_wconf 63' lang='lat' dir='ltr'><strong>pradicationem,</strong></span> <span class='ocrx_word' id='word_1_184' title='bbox 1224 3096 1302 3148; x_wconf 79' lang='lat' dir='ltr'><strong>terro</strong></span> 
     </span>
     <span class='ocr_line' id='line_1_24' title="bbox 201 3170 1301 3247; baseline 0 -19"><span class='ocrx_word' id='word_1_185' title='bbox 201 3171 338 3228; x_wconf 84' lang='lat' dir='ltr'><strong>continno</strong></span> <span class='ocrx_word' id='word_1_186' title='bbox 362 3190 380 3228; x_wconf 82' lang='lat' dir='ltr'><strong>a</strong></span> <span class='ocrx_word' id='word_1_187' title='bbox 401 3170 473 3228; x_wconf 79' lang='lat' dir='ltr'><strong>lsoie</strong></span> <span class='ocrx_word' id='word_1_188' title='bbox 494 3171 616 3229; x_wconf 87' lang='lat' dir='ltr'><strong>duorum</strong></span> <span class='ocrx_word' id='word_1_189' title='bbox 639 3189 741 3246; x_wconf 83' lang='lat' dir='ltr'><strong>regum</strong></span> <span class='ocrx_word' id='word_1_190' title='bbox 764 3171 863 3229; x_wconf 80' lang='lat' dir='ltr'><strong>relicto</strong></span> <span class='ocrx_word' id='word_1_191' title='bbox 884 3180 939 3229; x_wconf 86' lang='lat' dir='ltr'><strong>est.</strong></span> <span class='ocrx_word' id='word_1_192' title='bbox 985 3171 1062 3229; x_wconf 80' lang='lat' dir='ltr'><strong>Num</strong></span> <span class='ocrx_word' id='word_1_193' title='bbox 1085 3171 1190 3229; x_wconf 84' lang='lat' dir='ltr'><strong>exilio</strong></span> <span class='ocrx_word' id='word_1_194' title='bbox 1214 3190 1301 3247; x_wconf 90' lang='lat' dir='ltr'><strong>quum</strong></span> 
     </span>
     <span class='ocr_line' id='line_1_25' title="bbox 203 3251 1302 3327; baseline 0 -19"><span class='ocrx_word' id='word_1_195' title='bbox 203 3251 325 3308; x_wconf 74' lang='lat' dir='ltr'><strong>Romani</strong></span> <span class='ocrx_word' id='word_1_196' title='bbox 338 3251 466 3308; x_wconf 90' lang='lat' dir='ltr'><strong>omnium</strong></span> <span class='ocrx_word' id='word_1_197' title='bbox 479 3252 608 3327; x_wconf 82' lang='lat' dir='ltr'><strong>gentium</strong></span> <span class='ocrx_word' id='word_1_198' title='bbox 623 3251 772 3327; x_wconf 89' lang='lat' dir='ltr'><strong>imperium</strong></span> <span class='ocrx_word' id='word_1_199' title='bbox 794 3252 991 3317; x_wconf 75' lang='lat' dir='ltr'><strong>obtinuissent,</strong></span> <span class='ocrx_word' id='word_1_200' title='bbox 1007 3252 1116 3310; x_wconf 88' lang='lat' dir='ltr'><strong>solutus</strong></span> <span class='ocrx_word' id='word_1_201' title='bbox 1130 3251 1243 3327; x_wconf 89' lang='lat' dir='ltr'><strong>quidem</strong></span> <span class='ocrx_word' id='word_1_202' title='bbox 1257 3259 1302 3310; x_wconf 91' lang='lat' dir='ltr'><strong>est</strong></span> 
     </span>
     <span class='ocr_line' id='line_1_26' title="bbox 201 3331 1299 3409; baseline 0.001 -21"><span class='ocrx_word' id='word_1_203' title='bbox 201 3331 295 3388; x_wconf 87' lang='lat' dir='ltr'><strong>omnis</strong></span> <span class='ocrx_word' id='word_1_204' title='bbox 316 3351 367 3406; x_wconf 88' lang='lat' dir='ltr'><strong>per</strong></span> <span class='ocrx_word' id='word_1_205' title='bbox 390 3331 504 3407; x_wconf 78' lang='lat' dir='ltr'><strong>singulo</strong></span> <span class='ocrx_word' id='word_1_206' title='bbox 524 3332 588 3389; x_wconf 83' lang='lat' dir='ltr'><strong>locu</strong></span> <span class='ocrx_word' id='word_1_207' title='bbox 611 3341 670 3390; x_wconf 81' lang='lat' dir='ltr'><strong>tum</strong></span> <span class='ocrx_word' id='word_1_208' title='bbox 691 3333 820 3409; x_wconf 83' lang='lat' dir='ltr'><strong>gentium</strong></span> <span class='ocrx_word' id='word_1_209' title='bbox 844 3350 928 3407; x_wconf 81' lang='lat' dir='ltr'><strong>quum</strong></span> <span class='ocrx_word' id='word_1_210' title='bbox 950 3331 1095 3389; x_wconf 80' lang='lat' dir='ltr'><strong>ciuitatum</strong></span> <span class='ocrx_word' id='word_1_211' title='bbox 1116 3332 1299 3407; x_wconf 76' lang='lat' dir='ltr'><strong>principatus,</strong></span> 
     </span>
     <span class='ocr_line' id='line_1_27' title="bbox 200 3411 1300 3487; baseline -0.001 -18"><span class='ocrx_word' id='word_1_212' title='bbox 200 3413 343 3486; x_wconf 84' lang='lat' dir='ltr'><strong>finemque</strong></span> <span class='ocrx_word' id='word_1_213' title='bbox 365 3431 423 3469; x_wconf 84' lang='lat' dir='ltr'><strong>nnn</strong></span> <span class='ocrx_word' id='word_1_214' title='bbox 443 3430 508 3470; x_wconf 87' lang='lat' dir='ltr'><strong>oum</strong></span> <span class='ocrx_word' id='word_1_215' title='bbox 528 3412 626 3470; x_wconf 87' lang='lat' dir='ltr'><strong>multis</strong></span> <span class='ocrx_word' id='word_1_216' title='bbox 646 3412 717 3481; x_wconf 72' lang='lat' dir='ltr'><strong>uiis,</strong></span> <span class='ocrx_word' id='word_1_217' title='bbox 736 3414 821 3471; x_wconf 81' lang='lat' dir='ltr'><strong>etism</strong></span> <span class='ocrx_word' id='word_1_218' title='bbox 845 3431 881 3470; x_wconf 87' lang='lat' dir='ltr'><strong>es</strong></span> <span class='ocrx_word' id='word_1_219' title='bbox 903 3430 966 3487; x_wconf 82' lang='lat' dir='ltr'><strong>quse</strong></span> <span class='ocrx_word' id='word_1_220' title='bbox 984 3411 1021 3468; x_wconf 83' lang='lat' dir='ltr'><strong>ad</strong></span> <span class='ocrx_word' id='word_1_221' title='bbox 1043 3419 1212 3486; x_wconf 71' lang='lat' dir='ltr'><strong>presentem</strong></span> <span class='ocrx_word' id='word_1_222' title='bbox 1233 3430 1300 3486; x_wconf 87' lang='lat' dir='ltr'><strong>pro·</strong></span> 
     </span>
     <span class='ocr_line' id='line_1_28' title="bbox 200 3491 698 3570; baseline 0.002 -20"><span class='ocrx_word' id='word_1_223' title='bbox 200 3491 327 3570; x_wconf 79' lang='lat' dir='ltr'><strong>photium</strong></span> <span class='ocrx_word' id='word_1_224' title='bbox 341 3493 494 3568; x_wconf 84' lang='lat' dir='ltr'><strong>pertinent,</strong></span> <span class='ocrx_word' id='word_1_225' title='bbox 508 3492 610 3551; x_wconf 81' lang='lat' dir='ltr'><strong>sortitu</strong></span> <span class='ocrx_word' id='word_1_226' title='bbox 623 3501 698 3551; x_wconf 87' lang='lat' dir='ltr'><strong>sunt.</strong></span> 
     </span>
    </p>

    <p class='ocr_par' dir='ltr' id='par_1_9' title="bbox 200 3569 1302 4375">
     <span class='ocr_line' id='line_1_29' title="bbox 241 3569 1300 3649; baseline -0.002 -19"><span class='ocrx_word' id='word_1_227' title='bbox 241 3572 285 3630; x_wconf 82' lang='lat' dir='ltr'><strong>Et</strong></span> <span class='ocrx_word' id='word_1_228' title='bbox 298 3572 360 3631; x_wconf 84' lang='lat' dir='ltr'><strong>brec</strong></span> <span class='ocrx_word' id='word_1_229' title='bbox 374 3573 488 3649; x_wconf 88' lang='lat' dir='ltr'><strong>quidem</strong></span> <span class='ocrx_word' id='word_1_230' title='bbox 502 3573 667 3632; x_wconf 77' lang='lat' dir='ltr'><strong>adverbum</strong></span> <span class='ocrx_word' id='word_1_231' title='bbox 680 3572 931 3648; x_wconf 76' lang='lat' dir='ltr'><strong>interpretantibus</strong></span> <span class='ocrx_word' id='word_1_232' title='bbox 942 3571 1019 3629; x_wconf 82' lang='lat' dir='ltr'><strong>dictu</strong></span> <span class='ocrx_word' id='word_1_233' title='bbox 1032 3569 1097 3628; x_wconf 91' lang='lat' dir='ltr'><strong>sint.</strong></span> <span class='ocrx_word' id='word_1_234' title='bbox 1124 3570 1172 3628; x_wconf 82' lang='lat' dir='ltr'><strong>Ad</strong></span> <span class='ocrx_word' id='word_1_235' title='bbox 1186 3589 1300 3628; x_wconf 86' lang='lat' dir='ltr'><strong>sensum</strong></span> 
     </span>
     <span class='ocr_line' id='line_1_30' title="bbox 200 3651 1301 3729; baseline -0.002 -19"><span class='ocrx_word' id='word_1_236' title='bbox 200 3671 270 3711; x_wconf 85' lang='lat' dir='ltr'><strong>vero</strong></span> <span class='ocrx_word' id='word_1_237' title='bbox 290 3652 413 3711; x_wconf 87' lang='lat' dir='ltr'><strong>inbono</strong></span> <span class='ocrx_word' id='word_1_238' title='bbox 431 3654 548 3711; x_wconf 91' lang='lat' dir='ltr'><strong>modum</strong></span> <span class='ocrx_word' id='word_1_239' title='bbox 569 3653 696 3712; x_wconf 83' lang='lat' dir='ltr'><strong>dicutur:</strong></span> <span class='ocrx_word' id='word_1_240' title='bbox 719 3653 804 3729; x_wconf 90' lang='lat' dir='ltr'><strong>hujus</strong></span> <span class='ocrx_word' id='word_1_241' title='bbox 816 3651 972 3729; x_wconf 66' lang='lat' dir='ltr'><strong>prophetice</strong></span> <span class='ocrx_word' id='word_1_242' title='bbox 986 3651 1073 3709; x_wconf 86' lang='lat' dir='ltr'><strong>verbs</strong></span> <span class='ocrx_word' id='word_1_243' title='bbox 1093 3651 1186 3709; x_wconf 90' lang='lat' dir='ltr'><strong>omnis</strong></span> <span class='ocrx_word' id='word_1_244' title='bbox 1199 3651 1301 3708; x_wconf 75' lang='lat' dir='ltr'><strong>animm</strong></span> 
     </span>
     <span class='ocr_line' id='line_1_31' title="bbox 201 3731 1302 3810; baseline -0.004 -19"><span class='ocrx_word' id='word_1_245' title='bbox 201 3753 264 3808; x_wconf 75' lang='lat' dir='ltr'><strong>quae</strong></span> <span class='ocrx_word' id='word_1_246' title='bbox 284 3734 378 3792; x_wconf 88' lang='lat' dir='ltr'><strong>Deum</strong></span> <span class='ocrx_word' id='word_1_247' title='bbox 398 3734 474 3792; x_wconf 86' lang='lat' dir='ltr'><strong>hune</strong></span> <span class='ocrx_word' id='word_1_248' title='bbox 493 3743 602 3800; x_wconf 83' lang='lat' dir='ltr'><strong>ustum,</strong></span> <span class='ocrx_word' id='word_1_249' title='bbox 617 3734 720 3810; x_wconf 89' lang='lat' dir='ltr'><strong>ipsum,</strong></span> <span class='ocrx_word' id='word_1_250' title='bbox 734 3734 859 3809; x_wconf 76' lang='lat' dir='ltr'><strong>inq&#39;usm,</strong></span> <span class='ocrx_word' id='word_1_251' title='bbox 873 3733 1042 3792; x_wconf 78' lang='lat' dir='ltr'><strong>Emmanuel</strong></span> <span class='ocrx_word' id='word_1_252' title='bbox 1064 3731 1229 3807; x_wconf 71' lang='lat' dir='ltr'><strong>susceperit,</strong></span> <span class='ocrx_word' id='word_1_253' title='bbox 1244 3741 1302 3788; x_wconf 85' lang='lat' dir='ltr'><strong>stu-</strong></span> 
     </span>
     <span class='ocr_line' id='line_1_32' title="bbox 200 3811 1302 3891; baseline -0.001 -20"><span class='ocrx_word' id='word_1_254' title='bbox 200 3813 281 3881; x_wconf 85' lang='lat' dir='ltr'><strong>biles,</strong></span> <span class='ocrx_word' id='word_1_255' title='bbox 296 3814 473 3891; x_wconf 78' lang='lat' dir='ltr'><strong>tranquillos,</strong></span> <span class='ocrx_word' id='word_1_256' title='bbox 488 3814 621 3890; x_wconf 87' lang='lat' dir='ltr'><strong>psoitioos</strong></span> <span class='ocrx_word' id='word_1_257' title='bbox 634 3815 794 3891; x_wconf 81' lang='lat' dir='ltr'><strong>significare</strong></span> <span class='ocrx_word' id='word_1_258' title='bbox 810 3833 914 3873; x_wconf 90' lang='lat' dir='ltr'><strong>mores.</strong></span> <span class='ocrx_word' id='word_1_259' title='bbox 957 3813 1025 3871; x_wconf 93' lang='lat' dir='ltr'><strong>Uno</strong></span> <span class='ocrx_word' id='word_1_260' title='bbox 1039 3813 1115 3871; x_wconf 89' lang='lat' dir='ltr'><strong>enim</strong></span> <span class='ocrx_word' id='word_1_261' title='bbox 1130 3811 1256 3878; x_wconf 85' lang='lat' dir='ltr'><strong>Christo,</strong></span> <span class='ocrx_word' id='word_1_262' title='bbox 1271 3820 1302 3870; x_wconf 86' lang='lat' dir='ltr'><strong>et</strong></span> 
     </span>
     <span class='ocr_line' id='line_1_33' title="bbox 201 3892 1301 3972; baseline -0.001 -20"><span class='ocrx_word' id='word_1_263' title='bbox 201 3913 237 3952; x_wconf 84' lang='lat' dir='ltr'><strong>eo</strong></span> <span class='ocrx_word' id='word_1_264' title='bbox 260 3895 336 3970; x_wconf 90' lang='lat' dir='ltr'><strong>quod</strong></span> <span class='ocrx_word' id='word_1_265' title='bbox 360 3895 396 3953; x_wconf 76' lang='lat' dir='ltr'><strong>sb</strong></span> <span class='ocrx_word' id='word_1_266' title='bbox 422 3894 485 3972; x_wconf 92' lang='lat' dir='ltr'><strong>ipso</strong></span> <span class='ocrx_word' id='word_1_267' title='bbox 506 3896 667 3953; x_wconf 77' lang='lat' dir='ltr'><strong>nuntiatum</strong></span> <span class='ocrx_word' id='word_1_268' title='bbox 689 3905 734 3953; x_wconf 86' lang='lat' dir='ltr'><strong>est</strong></span> <span class='ocrx_word' id='word_1_269' title='bbox 754 3895 851 3961; x_wconf 81' lang='lat' dir='ltr'><strong>verbo,</strong></span> <span class='ocrx_word' id='word_1_270' title='bbox 873 3895 1005 3954; x_wconf 78' lang='lat' dir='ltr'><strong>humanoe</strong></span> <span class='ocrx_word' id='word_1_271' title='bbox 1026 3894 1127 3952; x_wconf 78' lang='lat' dir='ltr'><strong>enimse</strong></span> <span class='ocrx_word' id='word_1_272' title='bbox 1152 3892 1301 3968; x_wconf 90' lang='lat' dir='ltr'><strong>imperium</strong></span> 
     </span>
     <span class='ocr_line' id='line_1_34' title="bbox 202 3974 1301 4052; baseline -0.002 -20"><span class='ocrx_word' id='word_1_273' title='bbox 202 3975 357 4042; x_wconf 88' lang='lat' dir='ltr'><strong>obtinente,</strong></span> <span class='ocrx_word' id='word_1_274' title='bbox 372 3975 480 4052; x_wconf 87' lang='lat' dir='ltr'><strong>priores</strong></span> <span class='ocrx_word' id='word_1_275' title='bbox 494 3977 555 4052; x_wconf 86' lang='lat' dir='ltr'><strong>ejus</strong></span> <span class='ocrx_word' id='word_1_276' title='bbox 568 3977 676 4041; x_wconf 88' lang='lat' dir='ltr'><strong>hostes,</strong></span> <span class='ocrx_word' id='word_1_277' title='bbox 690 3976 748 4034; x_wconf 92' lang='lat' dir='ltr'><strong>duo</strong></span> <span class='ocrx_word' id='word_1_278' title='bbox 761 3976 913 4051; x_wconf 81' lang='lat' dir='ltr'><strong>impietatis</strong></span> <span class='ocrx_word' id='word_1_279' title='bbox 926 3975 1004 4033; x_wconf 88' lang='lat' dir='ltr'><strong>modi</strong></span> <span class='ocrx_word' id='word_1_280' title='bbox 1018 3974 1110 4050; x_wconf 76' lang='lat' dir='ltr'><strong>fugati</strong></span> <span class='ocrx_word' id='word_1_281' title='bbox 1123 3983 1208 4032; x_wconf 80' lang='lat' dir='ltr'><strong>sunt:</strong></span> <span class='ocrx_word' id='word_1_282' title='bbox 1229 3993 1301 4031; x_wconf 87' lang='lat' dir='ltr'><strong>unus</strong></span> 
     </span>
     <span class='ocr_line' id='line_1_35' title="bbox 201 4053 1300 4131; baseline -0.001 -19"><span class='ocrx_word' id='word_1_283' title='bbox 201 4055 236 4120; x_wconf 91' lang='lat' dir='ltr'><strong>is,</strong></span> <span class='ocrx_word' id='word_1_284' title='bbox 250 4055 298 4131; x_wconf 87' lang='lat' dir='ltr'><strong>qui</strong></span> <span class='ocrx_word' id='word_1_285' title='bbox 312 4065 342 4114; x_wconf 89' lang='lat' dir='ltr'><strong>st</strong></span> <span class='ocrx_word' id='word_1_286' title='bbox 356 4056 590 4114; x_wconf 71' lang='lat' dir='ltr'><strong>simulachrorum</strong></span> <span class='ocrx_word' id='word_1_287' title='bbox 603 4057 720 4125; x_wconf 84' lang='lat' dir='ltr'><strong>cultum,</strong></span> <span class='ocrx_word' id='word_1_288' title='bbox 734 4064 764 4114; x_wconf 90' lang='lat' dir='ltr'><strong>et</strong></span> <span class='ocrx_word' id='word_1_289' title='bbox 776 4057 807 4114; x_wconf 91' lang='lat' dir='ltr'><strong>in</strong></span> <span class='ocrx_word' id='word_1_290' title='bbox 826 4055 1000 4114; x_wconf 87' lang='lat' dir='ltr'><strong>multimodis</strong></span> <span class='ocrx_word' id='word_1_291' title='bbox 1014 4055 1193 4130; x_wconf 88' lang='lat' dir='ltr'><strong>opinionibus</strong></span> <span class='ocrx_word' id='word_1_292' title='bbox 1206 4053 1300 4111; x_wconf 88' lang='lat' dir='ltr'><strong>diver·</strong></span> 
     </span>
     <span class='ocr_line' id='line_1_36' title="bbox 201 4134 1300 4213; baseline -0.003 -20"><span class='ocrx_word' id='word_1_293' title='bbox 201 4137 315 4194; x_wconf 77' lang='lat' dir='ltr'><strong>sitstern</strong></span> <span class='ocrx_word' id='word_1_294' title='bbox 335 4137 497 4195; x_wconf 83' lang='lat' dir='ltr'><strong>hominibus</strong></span> <span class='ocrx_word' id='word_1_295' title='bbox 519 4137 709 4213; x_wconf 74' lang='lat' dir='ltr'><strong>suggerebat:</strong></span> <span class='ocrx_word' id='word_1_296' title='bbox 741 4137 813 4194; x_wconf 88' lang='lat' dir='ltr'><strong>ulter</strong></span> <span class='ocrx_word' id='word_1_297' title='bbox 837 4137 871 4204; x_wconf 87' lang='lat' dir='ltr'><strong>is,</strong></span> <span class='ocrx_word' id='word_1_298' title='bbox 893 4136 992 4212; x_wconf 89' lang='lat' dir='ltr'><strong>quiin</strong></span> <span class='ocrx_word' id='word_1_299' title='bbox 1016 4137 1143 4194; x_wconf 89' lang='lat' dir='ltr'><strong>moribus</strong></span> <span class='ocrx_word' id='word_1_300' title='bbox 1162 4134 1300 4209; x_wconf 88' lang='lat' dir='ltr'><strong>perversi-</strong></span> 
     </span>
     <span class='ocr_line' id='line_1_37' title="bbox 201 4214 1300 4294; baseline -0.005 -19"><span class='ocrx_word' id='word_1_301' title='bbox 201 4225 290 4275; x_wconf 78' lang='lat' dir='ltr'><strong>tutem</strong></span> <span class='ocrx_word' id='word_1_302' title='bbox 305 4217 491 4294; x_wconf 70' lang='lat' dir='ltr'><strong>propagabat.</strong></span> <span class='ocrx_word' id='word_1_303' title='bbox 532 4217 652 4284; x_wconf 79' lang='lat' dir='ltr'><strong>Nomii,</strong></span> <span class='ocrx_word' id='word_1_304' title='bbox 667 4217 715 4292; x_wconf 91' lang='lat' dir='ltr'><strong>qui</strong></span> <span class='ocrx_word' id='word_1_305' title='bbox 736 4217 804 4274; x_wconf 86' lang='lat' dir='ltr'><strong>dieti</strong></span> <span class='ocrx_word' id='word_1_306' title='bbox 824 4224 892 4274; x_wconf 82' lang='lat' dir='ltr'><strong>eunt</strong></span> <span class='ocrx_word' id='word_1_307' title='bbox 910 4217 1071 4292; x_wconf 77' lang='lat' dir='ltr'><strong>corporales</strong></span> <span class='ocrx_word' id='word_1_308' title='bbox 1091 4233 1184 4291; x_wconf 87' lang='lat' dir='ltr'><strong>reges,</strong></span> <span class='ocrx_word' id='word_1_309' title='bbox 1198 4214 1300 4271; x_wconf 91' lang='lat' dir='ltr'><strong>horum</strong></span> 
     </span>
     <span class='ocr_line' id='line_1_38' title="bbox 201 4297 1300 4375; baseline -0.007 -20"><span class='ocrx_word' id='word_1_310' title='bbox 201 4307 284 4356; x_wconf 83' lang='lat' dir='ltr'><strong>notss</strong></span> <span class='ocrx_word' id='word_1_311' title='bbox 307 4307 337 4356; x_wconf 87' lang='lat' dir='ltr'><strong>et</strong></span> <span class='ocrx_word' id='word_1_312' title='bbox 356 4299 440 4375; x_wconf 84' lang='lat' dir='ltr'><strong>signs</strong></span> <span class='ocrx_word' id='word_1_313' title='bbox 460 4299 620 4374; x_wconf 75' lang='lat' dir='ltr'><strong>gestabunt,</strong></span> <span class='ocrx_word' id='word_1_314' title='bbox 638 4298 772 4373; x_wconf 88' lang='lat' dir='ltr'><strong>equibus</strong></span> <span class='ocrx_word' id='word_1_315' title='bbox 793 4316 867 4355; x_wconf 90' lang='lat' dir='ltr'><strong>unus</strong></span> <span class='ocrx_word' id='word_1_316' title='bbox 885 4297 1069 4356; x_wconf 85' lang='lat' dir='ltr'><strong>Dumuscenis</strong></span> <span class='ocrx_word' id='word_1_317' title='bbox 1093 4297 1235 4369; x_wconf 80' lang='lat' dir='ltr'><strong>imperans</strong></span> <span class='ocrx_word' id='word_1_318' title='bbox 1256 4311 1300 4348; x_wconf 84' lang='lat' dir='ltr'><strong>sr-</strong></span> 
     </span>
    </p>
   </div>
   <div class='ocr_carea' id='block_1_6' title="bbox 0 0 1570 4714">
    <p class='ocr_par' dir='ltr' id='par_1_10' title="bbox 0 0 1570 4714">
     <span class='ocr_line' id='line_1_39' title="bbox 0 0 1570 4714; baseline 0 0"><span class='ocrx_word' id='word_1_319' title='bbox 0 0 1570 4714; x_wconf 95' lang='lat' dir='ltr'><strong> </strong></span> 
     </span>
    </p>
   </div>
  </div>
 </body>
</html>
