3108 4708
460 171 685 240 DEMONST.
709 173 878 240 EVANG.
902 174 950 238 X.
969 177 998 238 8.
1251 177 1315 244 995

216 329 298 408 καθ’
314 327 404 430 ὅλης
420 336 484 432 τῆς
499 341 572 414 τῶν
589 337 788 439 ἀνθρώπων
806 334 1009 433 οἰκουμένης
1027 335 1206 433 δαίμονας,
1224 331 1316 417 εἰκὸς
1436 327 1439 334 ’

216 456 247 532 d
265 454 320 535 ὅτι
343 461 401 536 καὶ
426 458 508 544 τοὺς
531 463 761 566 ὑποχθονίους
780 463 848 561 ἤδη
874 464 932 541 καὶ
951 459 1032 544 τοὺς
1050 463 1088 538 έν
1111 460 1206 565 αὐτῷ
1223 492 1313 560 ταρ-

216 581 313 688 τάρῳ
345 587 457 686 θῆρας
488 588 632 689 ἀγρίους
663 591 722 667 καὶ
752 585 939 693 φοβεροὺς,
968 589 1049 688 περὶ
1081 581 1131 665 ῶν
1157 583 1338 675 Ἠσαίαςς

215 705 306 810 πρὸς
323 708 388 788 τὸν
412 713 662 793 ἐκπεπτωκότα
685 722 750 794 τοῦ
774 714 924 814 οὐρανοῦ
943 709 1151 817 ’ἑωσφόρον
1169 713 1313 790 ἀποτει-

217 830 361 932 νόμενος
378 835 511 939 ἔλεγεν,
531 849 545 918 ὁ
570 837 654 948 ς’ίίης
679 838 818 920 κοίταθιν
838 835 1010 944 ἐπικράνθη
1028 841 1232 930 συναντήσας
1250 872 1315 926 σοι,

216 958 452 1067 συιηγέρθησιίν
471 1000 522 1044 σοι
537 963 662 1050 τιίντις
677 975 704 1047 οἱ
717 969 891 1067 γίγαντες,
903 972 1016 1043 ταῦτα
1033 962 1077 1062 δὴ
1096 963 1159 1042 οὖν
1176 958 1318 1042 ἅπαντα

217 1093 381 1189 συνορῶν
398 1087 531 1195 ἔξωθεν
547 1089 591 1170 τὸ
609 1093 963 1190 ἀνεσκολοπισμένον
984 1095 1093 1188 σῶμα
1117 1097 1316 1168 κυκλοῦντο
1326 1124 1356 1160 ιο

218 1217 277 1292 καὶ
304 1217 644 1321 παρασκευαζῖιμενα
676 1221 750 1299 κατ’
776 1221 895 1315 αὑτοῦ,
923 1216 966 1298 τὸ
997 1216 1172 1316 σύστημα
1200 1216 1318 1295 αὐτῶν

217 1340 408 1447 διαγράφει
440 1341 605 1450 φάσκων,
634 1344 909 1451 πιριειιιίιιλινσοίι
939 1380 985 1450 με
1017 1346 1144 1448 μίσχοι
1177 1349 1316 1432 πολλοὶ,

220 1468 328 1572 τοῶριι
347 1474 456 1554 πίονες
480 1471 654 1576 περιέσχον
677 1507 736 1576 ριι.
788 1469 944 1577 *Heraios
971 1472 1026 1549 ἐπ’
1049 1469 1110 1574 ἐμὲ
1138 1467 1174 1548 rb
1203 1470 1319 1570 στίμα

178 1591 337 1683 ηιαύτῶν,
356 1598 401 1679 ῶς
423 1593 504 1674 λέον
529 1605 545 1676 0‘
570 1596 731 1705 ἁρπάζοι
757 1603 817 1677 καὶ
835 1599 1026 1700 opipera.
1083 1593 1214 1698 Ψυχὴν
1236 1591 1358 1699 γὰρ,ρ.
1367 1627 1434 1699 504

219 1721 267 1800 ὡς
285 1718 385 1816 εἰκὸς,
404 1723 627 1824 νὐθραπείαν
644 1727 702 1802 καὶ
724 1729 770 1828 τῇ
787 1729 859 1802 τῶν
876 1728 1029 1801 πολλῶν
1046 1720 1319 1824 παραπλησίαν,

216 1843 330 1924 πλέον
363 1845 400 1926 δέ
432 1846 533 1926 οὐδέν
559 1849 747 1949 ἡγούμενοι
779 1847 867 1929 εἶναι
898 1848 963 1948 τὴν
990 1849 1032 1928 τὸ
1059 1855 1169 1947 σῶμα
1197 1850 1320 1947 Ἰησοῦ

218 1981 528 2072 κατασκηνοῦσαν,
545 1975 692 2080 ἤνοιξαν
715 1972 757 2054 τὸ
785 1972 907 2073 στόμα
934 1979 967 2054 οἱ
994 1974 1247 2077 προειρημένοι,
1271 1977 1320 2058 ὡς

219 2096 349 2192 ὁμοίως
376 2106 452 2182 ταῖς
479 2099 611 2184 ἄλλαις
639 2107 711 2180 τῶν
738 2099 936 2203 ἀνθρώπων
961 2105 1097 2205 ψυχαῖς
1124 2103 1184 2179 καὶ
1210 2097 1342 2199 αι’ννὴνὸ

221 2224 501 2323 καταπιούμενοι.
561 2224 631 2305 Διό
664 2231 789 2330 φησιν,
818 2223 941 2333 ἤνοιξαν
973 2228 1025 2307 ἐπ’
1052 2225 1112 2329 ἐμὲ
1144 2229 1180 2305 τὶ
1209 2229 1321 2322 στίμα

181 2347 327 2432 teudula
351 2354 396 2434 ὡς
419 2352 501 2430 λέων
528 2352 726 2459 ὁοὶρτοίζινν
751 2361 811 2432 καὶ
834 2353 1016 2457 έιρνίριενος·
1057 2351 1110 2436 οἷς
1137 2352 1220 2457 ἑξῆς
1246 2353 1321 2430 έπι-

221 2473 328 2575 λέγει,
347 2480 422 2556 ὡσεὶ
442 2471 524 2582 ὅθαρ
542 2475 701 2584 ἐξεχύθην.
735 2475 858 2580 Ὅπερ
875 2485 1056 2578 αἰσθητῶς
1073 2478 1137 2576 μέν
1154 2480 1212 2556 καὶ
1229 2475 1320 2556 κατὰ

220 2599 286 2698 τὴν
315 2603 476 2705 ἱστορίαν
508 2603 598 2684 ε’ίποι
630 2602 675 2682 ἄν
702 2636 757 2686 τις
783 2609 1056 2705 πεπληρῶσθαι,
1082 2602 1140 2681 ὅτε
1171 2601 1219 2685 είς
1246 2608 1319 2680 τῶν
1329 2635 1359 2673 ιο

667 2781 683 2814 ¹
697 2771 835 2845 ὅσουὸσου
844 2773 870 2827 ὃ

221 2929 326 2980 terram
340 2939 390 2996 per
403 2929 495 2980 totum
510 2921 617 2990 orbem,
633 2922 681 2997 qui
698 2921 831 2980 incolitur
851 2922 887 2980 ab
905 2921 1076 2987 hominibus,
1092 2920 1243 2978 volitantes
1260 2921 1317 2978 dn·

222 3019 329 3068 mones,
341 3002 473 3060 credibile
484 3009 579 3060 autem
590 3011 634 3060 est
642 3003 746 3060 vidisse
756 3002 880 3060 infernus
891 3021 1002 3078 quoque
1016 3021 1049 3060 uc
1063 3011 1201 3060 tartareas
1212 3001 1319 3059 bellm

221 3093 349 3158 agrestes
370 3091 456 3158 etque
474 3082 675 3148 formidabiles,
691 3083 726 3140 de
740 3083 842 3158 quibus
856 3083 964 3148 Esnins,
979 3083 1015 3140 cd
1036 3102 1100 3141 eum
1121 3083 1170 3158 qni
1191 3082 1226 3140 de
1247 3081 1319 3140 ooelo

221 3163 363 3221 ceciderat
385 3163 533 3221 luciferum
561 3181 721 3221 sermonem
744 3163 905 3228 intendens,
927 3164 967 3220 ita
986 3164 1162 3237 loquebatur.
1189 3163 1320 3238 infernus
1362 3172 1397 3212 1³¹·
1408 3183 1437 3222 ιι,
1447 3183 1467 3222 a·

220 3245 315 3300 subter
334 3244 511 3304 conturbatus
533 3252 573 3300 ert
596 3247 624 3301 ὶιι
651 3262 792 3302 comeum
814 3246 948 3300 aduentus
969 3243 1022 3308 tui,
1044 3245 1168 3300 ινιοὶίοιὶ
1188 3251 1249 3299 runt
1272 3243 1320 3299 tibi

221 3341 313 3381 omnes
337 3327 481 3398 Quales.-
512 3323 574 3381 hoec
598 3324 692 3399 itaque
715 3324 811 3382 omnia
834 3322 1011 3398 conspiciens
1038 3340 1120 3380 suum
1144 3322 1320 3378 extrinsecus

222 3404 298 3460 cruci
312 3404 424 3462 affixum
445 3423 547 3478 corpus
565 3404 593 3461 in
606 3404 704 3462 orbem
719 3404 863 3480 cingentis
883 3422 969 3478 seque
985 3402 1120 3461 adversus
1133 3401 1227 3477 ipsum
1241 3419 1318 3458 com-

222 3484 358 3556 parantis,
371 3484 581 3542 multitudinem
600 3504 698 3542 eorum
712 3485 859 3542 collectam
873 3483 1016 3550 describit,
1031 3482 1072 3540 sio
1085 3481 1192 3546 dicens,
1208 3481 1320 3538 Circus.

221 3565 352 3621 dederunt
374 3583 416 3620 me
435 3566 514 3622 uituli
535 3566 623 3629 matti,
643 3568 716 3622 tauri
735 3567 851 3640 pirgum
872 3565 1031 3622 obsederunt
1051 3582 1103 3620 me.
1146 3562 1320 3637 Aperuerust

220 3661 304 3716 super
318 3663 358 3702 me
371 3663 403 3700 oe
414 3663 503 3710 auum,
518 3653 549 3702 ut
562 3645 605 3702 leo
619 3645 730 3719 rapiens
750 3653 778 3702 et
797 3646 916 3721 rupices.
959 3644 1076 3702 Etenim
1097 3643 1164 3700 dum
1186 3642 1318 3709 animam,

222 3731 253 3780 ut
267 3741 319 3799 pur
332 3733 385 3790 est,
400 3723 552 3782 humanum
568 3733 597 3782 et
611 3724 721 3782 certeris
741 3725 862 3782 similem
882 3743 936 3782 neo
954 3724 1075 3798 amplius
1087 3731 1225 3797 praeteres
1237 3721 1318 3795 quid-

220 3822 306 3878 quam
326 3822 390 3862 esse
408 3805 581 3862 arbitrentur
602 3805 677 3880 quod
696 3805 725 3862 in
748 3823 865 3880 corpore
885 3805 955 3862 Jesu
976 3803 1131 3868 habitabat,
1152 3802 1262 3867 belluae,
1284 3801 1320 3858 de

220 3884 323 3958 quibus
347 3885 478 3952 diximus,
500 3894 670 3960 operuerunt
694 3903 727 3941 os
749 3904 841 3954 suum,
864 3893 896 3942 ut
918 3883 1156 3960 quemadmodum
1178 3882 1247 3939 alias
1268 3882 1319 3939 ho·

221 3964 330 4021 minum
344 3965 452 4022 animas
466 3973 681 4030 consueverant,
696 3965 736 4022 ita
749 3966 835 4022 etiam
849 3966 923 4022 hunc
941 3964 1117 4022 devorarent.
1140 3963 1321 4038 Quapropter

222 4044 262 4102 sio
277 4045 325 4109 nit,
341 4045 513 4119 Apertam
527 4064 608 4120 super
623 4065 665 4102 me
679 4063 708 4101 οι
720 4063 811 4110 mum,
827 4052 956 4118 tuaquom
970 4043 1013 4101 leo
1026 4045 1135 4118 rapiens
1148 4051 1175 4103 et
1190 4045 1318 4116 rugiens:

221 4124 323 4198 quibus
338 4125 470 4200 deinceps
490 4125 630 4201 adjungit,
647 4126 733 4190 Quasi
746 4144 821 4202 οηιια
836 4125 936 4200 εῘῙυιυι
949 4143 1015 4182 aum.
1046 4124 1132 4194 Quod
1149 4124 1261 4199 quidem
1276 4123 1320 4178 vel

220 4204 290 4279 ipsis
304 4205 433 4264 sensibus
447 4206 552 4281 percipi
566 4207 668 4281 potuit,
683 4213 768 4279 utque
782 4205 900 4262 historic
913 4205 998 4264 tidem
1013 4205 1134 4262 iaciente
1149 4203 1319 4277 completum

730 4317 812 4374 3¹²²
