3120 4716
256 245 321 312 862
702 239 888 306 EUSEBII
1084 243 1088 250 '
1330 243 1499 310 Μῦς·-
1558 239 1559 250 ’

256 409 532 517 θιιιπορευομένου·
561 411 641 512 περὶ
660 407 697 488 δὲ
714 413 787 486 τῶν
805 409 843 486 ἐν
860 405 984 510 ἡμέρᾳ,
1003 405 1075 482 ἀπὶ
1095 399 1358 505 συμπτώματος

218 577 249 612 10
258 542 315 619 κοῦ
334 534 500 643 θαιρουῖου
518 535 750 640 μεσημβρινοῦ.
810 527 884 610 Εἶτ’
901 531 1042 630 ἑπείττερ
1059 530 1096 607 ε’ν
1114 531 1165 633 τῷ
1181 522 1356 626 πειράζειν
1363 548 1396 610 Ρ·
1407 549 1479 617 435

255 663 418 760 dontinus
453 666 604 762 πονηραὶ
641 659 812 739 ε’κθκλουν
849 655 968 753 αὐτὸν,
995 658 1054 733 ¹²ui
1084 651 1148 752 μὲν
1176 650 1224 730 τά
1255 649 1357 757 δεξιὰ

255 788 394 891 πλευρά
412 795 577 892 συνεῖχον
596 787 713 882 αὐτοῦ,
727 780 824 864 πολῦ
843 781 881 862 δὲ
897 781 1042 864 πλείους
1058 786 1130 858 τῶν
1148 781 1357 880 ἀριστερῶν,

256 919 304 999 ὡς
325 913 370 994 ἀν
390 915 643 1017 ικριοτοιιθτερο
669 913 758 1014 μέρη
785 908 832 990 τὰ
857 906 966 1014 δεξιὰ,
984 904 1126 990 εἰκότως
1153 906 1248 1012 αὐτῷ
1275 906 1380 988 ἑτι-ε

255 1042 407 1142 λέγεται,
425 1045 580 1122 πεσεῖται
606 1043 645 1122 ἐκ
670 1041 725 1119 τοῦ
751 1039 884 1122 κλίτους
902 1071 962 1114 σον
987 1029 1123 1130 χιλιῖις,
1145 1039 1206 1112 τινὶ
1233 1029 1358 1139 piopriis

256 1169 295 1248 ἐκ
320 1164 430 1275 ieiunii
455 1203 525 1257 σου,
545 1167 625 1276 πρός
649 1201 688 1246 σε
716 1160 752 1244 di
780 1169 839 1243 οῦκ
862 1164 984 1263 ε’γγιεῖ·
1014 1161 1157 1242 κλίτους
1184 1159 1262 1238 ἀντὶ
1291 1166 1358 1236 τοῦ
1558 1169 1559 1178 ’

256 1299 444 1397 ἀριστεροῦ
469 1292 733 1392 ὠνομασμένον,
751 1285 1121 1392 παροσεσιυυτημένου
1148 1285 1186 1365 δὲ
1213 1282 1357 1368 εἰκότως

255 1429 319 1500 τοῦ
349 1417 521 1518 ὀνόματος
547 1428 611 1498 τοῦ
641 1421 841 1519 ἀριστεροῦ,
871 1421 923 1520 τῷ
949 1412 1058 1514 μηδὲν
1084 1412 1212 1492 σκαιὸν
1238 1408 1288 1508 μὴ
1317 1409 1358 1488 δὲ

257 1545 445 1649 ἀριστερὸν
464 1547 690 1646 εὑρίσκεσθαι
709 1546 747 1622 ἐν
764 1544 870 1649 αὐτῷ.
915 1543 987 1621 Καὶ
1004 1537 1122 1639 ἐπειδὴ
1136 1538 1205 1637 ὅλη
1218 1535 1356 1638 μυριὰς,
1369 1567 1400 1603 ¹0

256 1674 345 1769 ὁμοῦ
364 1671 402 1751 δὲ
422 1673 479 1751 καὶ
498 1670 616 1776 χιλιὰς
635 1671 673 1750 ἕκ
690 1703 729 1749 τε
747 1677 811 1749 τοῦ
829 1669 971 1751 κλίτους
990 1667 1097 1746 αὐτοῦ
1116 1667 1175 1744 καὶ
1193 1662 1266 1744 ἀπὸ
1282 1671 1359 1742 τῶν

257 1799 383 1904 δεξιῶν
413 1805 605 1878 πεσεῖσθαι
634 1796 810 1899 λέγονται,
840 1795 982 1878 εἰκότως
1010 1795 1067 1873 ε’πὶ
1098 1791 1236 1876 τούτοις
1273 1791 1388 1896 ἑξῆςι)

256 1924 398 2025 εἴρηται,
417 1921 507 2016 otiu
530 1929 598 2010 τοῖς
624 1923 814 2030 ὀφθαλμοῖς
837 1958 895 2002 σον
918 1921 1144 2012 κοτιινοῆσεις,
1166 1925 1227 1999 κοῦ
1253 1925 1359 1997 ἀντοι-

221 2046 392 2131 niridano
409 2049 618 2159 ἀμορτοολοῖυ
638 2044 731 2156 ἕψει.
793 2053 864 2129 Kat
885 2048 989 2128 ἔσται
1014 2055 1135 2143 ταῦτα,
1155 2047 1259 2152 φησὶ,
1278 2045 1365 2146 περί

259 2211 304 2257 σε
329 2177 393 2257 τὸν
415 2175 579 2280 Χριστὸν
605 2187 668 2258 τοῦ
694 2181 800 2273 Θεοῦ,
819 2173 1004 2276 ἐπειδήπερ
1021 2172 1064 2252 cb
1081 2170 1187 2256 αὐτὸς
1206 2168 1235 2252 ἀ
1252 2171 1359 2278 Κῦρε,

259 2300 299 2385 ῦς
317 2303 502 2406 τυγχάνεις
520 2299 570 2380 dv
592 2303 615 2401 ἡ
640 2299 707 2400 ε’μὴ
727 2304 841 2392 ἐλπὶς,
861 2301 914 2381 riu
939 2297 1083 2409 ὕψιστον
1106 2298 1173 2379 ἔθου
1197 2315 1384 2403 κοιτοφυες

223 2430 321 2530 „piu
348 2463 418 2508 σου.
471 2425 590 2507 Ἔνθα
619 2431 678 2506 καὶ
707 2426 913 2527 ἐπιστήσεις
946 2427 1026 2505 τίνα
1057 2423 1190 2526 τρόπον
1219 2425 1239 2500 ὁ
1265 2457 1359 2524 προ-

261 2553 377 2661 Φήτης
394 2552 484 2656 πρὸς
504 2552 611 2633 αὐτὸν
630 2553 692 2633 τὸν
713 2550 847 2654 Ku'puiu
860 2559 985 2659 φησιν,
999 2551 1047 2630 ‘iri
1067 2549 1120 2640 σῦ,
1136 2549 1241 2658 Κύριε,
1256 2551 1359 2633 ἐλπίς

259 2717 335 2786 μου,
365 2681 416 2762 riu
441 2673 585 2790 ὕψιστον
613 2679 679 2760 ἔθου
709 2683 913 2784 καταφυγήν
941 2714 1012 2767 σου,
1032 2680 1175 2778 διαιρῶν
1203 2679 1361 2779 ἀκριβῶς

324 2879 339 2910 ¹¹
354 2869 395 2922 soi
408 2867 447 2940 oi]
464 2869 505 2922 καὶ
519 2885 572 2923 om.
591 2868 623 2923 P.
707 2876 721 2903 ⁸
735 2865 911 2938 κροτερῦτερα
923 2863 982 2937 μὲν]
999 2861 1165 2936 κρατοιθτερο
1178 2862 1242 2935 pipp
1257 2863 1289 2920 Ρ.

261 3019 296 3074 ab
318 3021 425 3082 incmw
449 3027 476 3074 et
498 3020 629 3076 demonio
652 3017 808 3076 meridiano.
850 3016 898 3072 Ad
920 3017 992 3082 haec,
1015 3015 1148 3090 quoniam
1175 3014 1243 3071 dnm
1265 3023 1358 3070 tento·

261 3098 345 3154 butnr
364 3098 494 3172 molignoe
516 3105 671 3171 potestates
691 3097 769 3154 illurn
791 3097 1019 3162 circumstabant,
1035 3105 1064 3153 et
1082 3115 1143 3169 qoae
1158 3095 1271 3169 quidem
1286 3094 1360 3150 illius

261 3177 335 3233 lutus
356 3177 488 3234 dextrum
511 3178 653 3251 stipabunt
675 3177 795 3235 sinistris
816 3177 906 3234 multo
928 3178 1023 3252 plnres
1042 3185 1131 3241 erant,
1153 3183 1253 3250 utpote
1273 3193 1360 3249 qnnm

262 3258 364 3314 dextre
376 3258 463 3333 longe
477 3258 534 3314 sint
546 3258 711 3324 valentiora,
727 3258 828 3315 merito
848 3257 1013 3332 adjungitur
1027 3258 1064 3314 nd
1077 3257 1207 3322 eundem,
1224 3256 1328 3312 Cadent
1342 3273 1362 3310 o

263 3338 351 3395 lutere
364 3345 410 3395 tuo
424 3341 507 3402 utilio.
523 3347 550 3395 et
564 3341 653 3396 decem
667 3338 755 3395 ruillio
769 3359 787 3395 ο
801 3340 904 3394 deutris
919 3341 981 3403 tuis,
996 3339 1035 3393 ad
1047 3345 1075 3394 te
1087 3344 1179 3394 nutem
1193 3354 1247 3392 uon
1258 3353 1360 3409 oppro-

261 3419 412 3493 piuquubit.
458 3419 515 3476 Ubi
539 3420 667 3476 sistere
692 3420 798 3475 dictum
822 3428 866 3477 est
890 3437 942 3492 pro
966 3436 1001 3474 eo
1026 3416 1102 3492 quod
1126 3425 1171 3473 est
1194 3435 1212 3472 a
1235 3415 1360 3472 sinistro.

263 3499 358 3567 Quum
374 3508 468 3555 nutem
483 3517 585 3556 nomen
601 3499 707 3556 sinistri
727 3500 829 3556 merito
850 3498 1069 3574 praetermissnm
1084 3497 1122 3554 sit
1135 3515 1168 3554 no
1181 3495 1308 3561 tacitum,
1324 3513 1362 3553 ne

263 3579 374 3637 adversi
388 3579 529 3654 quippiam
550 3589 599 3636 out
615 3579 720 3637 sinistri
741 3580 770 3636 in
791 3579 839 3635 illo
858 3578 974 3653 reperiri
987 3578 1126 3646 videntur,
1142 3595 1283 3652 quomque
1299 3585 1363 3633 tote

263 3660 361 3717 decem
382 3659 476 3724 millia,
497 3678 609 3717 necnon
626 3661 687 3734 ipsa
707 3659 793 3724 mille,
814 3669 876 3717 tum
897 3679 914 3716 n
933 3661 1021 3716 lutere
1042 3660 1113 3733 ejus.
1132 3667 1194 3714 tum
1215 3676 1233 3713 ο
1253 3657 1362 3713 dextris

157 3753 163 3764 ·
264 3759 363 3798 casura
376 3757 439 3796 esse
453 3739 591 3804 dicantur,
609 3741 674 3814 jure
690 3740 798 3814 optimo
818 3749 883 3814 post
896 3739 957 3814 ipse
973 3740 1035 3796 hoec
1049 3739 1182 3813 deinceps
1196 3738 1303 3794 dictum
1316 3745 1363 3794 est

264 3820 342 3886 illud,
360 3821 546 3878 Verumtamen
562 3821 646 3877 oculis
660 3822 713 3876 tuis
726 3820 915 3888 considerabis,
931 3829 958 3877 et
972 3819 1173 3876 retributionem
1188 3826 1362 3892 peecatorum

263 3902 373 3957 uidebis.
416 3901 455 3956 Et
475 3901 545 3964 haec,
560 3901 661 3975 inquit,
676 3900 780 3956 circum
800 3909 829 3956 te
850 3909 943 3965 erunt,
959 3899 1006 3975 qui
1021 3919 1051 3956 es
1066 3899 1197 3956 Christus
1213 3898 1275 3963 Dei,
1290 3911 1361 3971 qno·-

264 3979 339 4035 ninrn
355 3987 384 4034 tu
398 3983 464 4052 ipse,
480 3981 528 4053 qui
540 4000 569 4038 τε
580 3999 640 4054 spes
653 3999 720 4046 uteo,
735 3982 896 4037 altissimum
907 3983 1025 4055 posuisti
1039 3979 1173 4053 refugium
1188 3987 1272 4035 tuum.
1303 3978 1362 4034 Ubi

264 4057 348 4114 etium
364 4059 515 4133 diligenter
529 4061 692 4118 observabis
706 4079 828 4135 quonam
847 4069 931 4135 pecto
951 4060 1090 4134 propheto
1103 4059 1246 4134 adipsum
1261 4057 1360 4114 Domi-

263 4155 332 4191 num
346 4137 429 4201 dicat,
446 4138 580 4199 Quoniam
592 4149 623 4196 tu
638 4139 758 4196 Domine
770 4159 831 4215 τρες
845 4159 915 4206 meo,
925 4140 1086 4197 altissimum
1094 4142 1211 4214 posuisti
1225 4139 1360 4215 refugium

265 4223 362 4268 tuum.-
384 4214 431 4302 ubi
452 4217 590 4286 exquisite
609 4219 737 4294 ultorum,
760 4220 807 4292 qoi
828 4220 960 4294 privatim
981 4228 1025 4277 est
1043 4219 1192 4283 Dominus,
1214 4219 1251 4276 ub
1271 4217 1362 4274 nltero

265 4291 415 4363 distinguit
427 4291 475 4363 qui
495 4301 524 4348 et
545 4294 629 4366 hujus
640 4297 737 4368 ipsius
758 4307 802 4354 est
815 4306 905 4372 pater,
921 4307 951 4355 et
963 4308 1101 4373 praetereo
1115 4299 1195 4356 Deus
1209 4298 1362 4355 altissimus
