<?xml version="1.0" encoding="UTF-8"?>
<!DOCTYPE html PUBLIC "-//W3C//DTD XHTML 1.0 Transitional//EN"
    "http://www.w3.org/TR/xhtml1/DTD/xhtml1-transitional.dtd">
<html xmlns="http://www.w3.org/1999/xhtml" xml:lang="en" lang="en">
 <head>
  <title>
</title>
<meta http-equiv="Content-Type" content="text/html;charset=utf-8" />
  <meta name='ocr-system' content='tesseract 3.04.00' />
  <meta name='ocr-capabilities' content='ocr_page ocr_carea ocr_par ocr_line ocrx_word'/>
</head>
<body>
  <div class='ocr_page' id='page_1' title='image "./evangelicaedemo00donagoog/evangelicaedemo00donagoog_0479.png"; bbox 0 0 3108 4708; ppageno 0'>
   <div class='ocr_carea' id='block_1_1' title="bbox 289 203 1515 288">
    <p class='ocr_par' dir='ltr' id='par_1_1' title="bbox 289 203 1515 288">
     <span class='ocr_line' id='line_1_1' title="bbox 289 203 1515 288; baseline -0.002 -14"><span class='ocrx_word' id='word_1_1' title='bbox 289 208 354 274; x_wconf 75' lang='grc' dir='ltr'><strong>ουν</strong></span> <span class='ocrx_word' id='word_1_2' title='bbox 739 203 925 270; x_wconf 83' lang='lat' dir='ltr'><strong>nosnnn</strong></span> <span class='ocrx_word' id='word_1_3' title='bbox 1368 220 1515 288; x_wconf 48' lang='grc' dir='ltr'>Μαι-ι</span> 
     </span>
    </p>
   </div>
   <div class='ocr_carea' id='block_1_2' title="bbox 288 367 1388 478">
    <p class='ocr_par' dir='ltr' id='par_1_2' title="bbox 288 367 1388 478">
     <span class='ocr_line' id='line_1_2' title="bbox 313 367 1367 404; baseline -0.003 -8"><span class='ocrx_word' id='word_1_4' title='bbox 313 370 324 396; x_wconf 67' lang='lat' dir='ltr'><strong>a</strong></span> <span class='ocrx_word' id='word_1_5' title='bbox 379 372 435 402; x_wconf 71' lang='grc' dir='ltr'><strong>ιι</strong></span> <span class='ocrx_word' id='word_1_6' title='bbox 507 379 522 395; x_wconf 74' lang='grc'><strong>.-</strong></span> <span class='ocrx_word' id='word_1_7' title='bbox 579 375 587 399; x_wconf 77' lang='grc' dir='ltr'>ι</span> <span class='ocrx_word' id='word_1_8' title='bbox 631 370 648 400; x_wconf 78' lang='grc' dir='ltr'><strong>ιι</strong></span> <span class='ocrx_word' id='word_1_9' title='bbox 822 377 838 394; x_wconf 65' lang='lat' dir='ltr'><strong>a·</strong></span> <span class='ocrx_word' id='word_1_10' title='bbox 892 367 908 404; x_wconf 70' lang='grc' dir='ltr'><strong>ς</strong></span> <span class='ocrx_word' id='word_1_11' title='bbox 1068 377 1084 394; x_wconf 61' lang='grc' dir='ltr'><strong><em>η</em></strong></span> <span class='ocrx_word' id='word_1_12' title='bbox 1153 371 1162 395; x_wconf 82' lang='grc' dir='ltr'>ι</span> <span class='ocrx_word' id='word_1_13' title='bbox 1221 369 1236 398; x_wconf 63' lang='lat' dir='ltr'><strong>a</strong></span> <span class='ocrx_word' id='word_1_14' title='bbox 1309 369 1367 396; x_wconf 78' lang='grc' dir='ltr'><strong>ιι</strong></span> 
     </span>
     <span class='ocr_line' id='line_1_3' title="bbox 288 375 1388 478; baseline -0.003 -26"><span class='ocrx_word' id='word_1_15' title='bbox 288 406 352 452; x_wconf 92' lang='grc' dir='ltr'><strong>τον</strong></span> <span class='ocrx_word' id='word_1_16' title='bbox 370 407 457 474; x_wconf 80' lang='grc' dir='ltr'>οπερ</span> <span class='ocrx_word' id='word_1_17' title='bbox 475 406 547 451; x_wconf 87' lang='grc' dir='ltr'><strong>των</strong></span> <span class='ocrx_word' id='word_1_18' title='bbox 569 407 607 451; x_wconf 91' lang='grc' dir='ltr'><strong>εν</strong></span> <span class='ocrx_word' id='word_1_19' title='bbox 624 375 712 476; x_wconf 76' lang='grc' dir='ltr'>ᾳδου</span> <span class='ocrx_word' id='word_1_20' title='bbox 730 377 863 478; x_wconf 76' lang='grc' dir='ltr'>ψυχων</span> <span class='ocrx_word' id='word_1_21' title='bbox 885 376 1010 466; x_wconf 86' lang='grc' dir='ltr'>αθλον,</span> <span class='ocrx_word' id='word_1_22' title='bbox 1028 405 1105 454; x_wconf 85' lang='grc' dir='ltr'><strong>πως</strong></span> <span class='ocrx_word' id='word_1_23' title='bbox 1124 405 1187 450; x_wconf 90' lang='grc' dir='ltr'><strong>ουκ</strong></span> <span class='ocrx_word' id='word_1_24' title='bbox 1214 405 1258 449; x_wconf 88' lang='grc' dir='ltr'><strong>αν</strong></span> <span class='ocrx_word' id='word_1_25' title='bbox 1283 380 1388 449; x_wconf 90' lang='grc' dir='ltr'>ευλο-</span> 
     </span>
    </p>
   </div>
   <div class='ocr_carea' id='block_1_3' title="bbox 288 491 1391 602">
    <p class='ocr_par' dir='ltr' id='par_1_3' title="bbox 288 491 1391 602">
     <span class='ocr_line' id='line_1_4' title="bbox 363 491 1391 573; baseline -0.008 -43"><span class='ocrx_word' id='word_1_26' title='bbox 363 498 424 534; x_wconf 76' lang='grc' dir='ltr'><strong>,ιι</strong></span> <span class='ocrx_word' id='word_1_27' title='bbox 507 493 585 537; x_wconf 67' lang='lat' dir='ltr'><strong>ons</strong></span> <span class='ocrx_word' id='word_1_28' title='bbox 682 493 859 573; x_wconf 70' lang='grc' dir='ltr'><strong>ιαθι</strong></span> <span class='ocrx_word' id='word_1_29' title='bbox 961 491 1115 524; x_wconf 68' lang='lat' dir='ltr'><strong>»xo</strong></span> <span class='ocrx_word' id='word_1_30' title='bbox 1197 495 1391 528; x_wconf 68' lang='grc' dir='ltr'><strong>ιν.</strong></span> 
     </span>
     <span class='ocr_line' id='line_1_5' title="bbox 288 491 1391 602; baseline -0.002 -24"><span class='ocrx_word' id='word_1_31' title='bbox 288 533 363 600; x_wconf 82' lang='grc' dir='ltr'><strong>γως</strong></span> <span class='ocrx_word' id='word_1_32' title='bbox 390 532 508 596; x_wconf 86' lang='grc' dir='ltr'>εισοιμ</span> <span class='ocrx_word' id='word_1_33' title='bbox 565 530 609 574; x_wconf 91' lang='grc' dir='ltr'><strong>αν</strong></span> <span class='ocrx_word' id='word_1_34' title='bbox 638 529 695 574; x_wconf 86' lang='grc' dir='ltr'><strong>και</strong></span> <span class='ocrx_word' id='word_1_35' title='bbox 722 529 776 574; x_wconf 89' lang='grc' dir='ltr'><strong>οτι</strong></span> <span class='ocrx_word' id='word_1_36' title='bbox 819 491 927 602; x_wconf 52' lang='grc' dir='ltr'>ληίοις</span> <span class='ocrx_word' id='word_1_37' title='bbox 955 529 1072 596; x_wconf 71' lang='grc' dir='ltr'>αγγος,</span> <span class='ocrx_word' id='word_1_38' title='bbox 1098 531 1147 574; x_wconf 87' lang='grc' dir='ltr'><strong>οτι</strong></span> <span class='ocrx_word' id='word_1_39' title='bbox 1175 533 1234 575; x_wconf 81' lang='grc' dir='ltr'><strong>ουκ</strong></span> <span class='ocrx_word' id='word_1_40' title='bbox 1263 531 1391 576; x_wconf 87' lang='grc' dir='ltr'>εοτινο</span> 
     </span>
    </p>
   </div>
   <div class='ocr_carea' id='block_1_4' title="bbox 248 619 1432 2490">
    <p class='ocr_par' dir='ltr' id='par_1_4' title="bbox 248 619 1432 2490">
     <span class='ocr_line' id='line_1_6' title="bbox 288 619 1385 723; baseline -0.004 -19"><span class='ocrx_word' id='word_1_41' title='bbox 288 623 430 718; x_wconf 68' lang='grc' dir='ltr'>βοηθόν,</span> <span class='ocrx_word' id='word_1_42' title='bbox 459 622 515 704; x_wconf 86' lang='grc' dir='ltr'><strong>Τὸ</strong></span> <span class='ocrx_word' id='word_1_43' title='bbox 529 621 595 721; x_wconf 68' lang='grc' dir='ltr'><strong>μὲν</strong></span> <span class='ocrx_word' id='word_1_44' title='bbox 609 622 672 701; x_wconf 79' lang='grc' dir='ltr'><strong>οὖν</strong></span> <span class='ocrx_word' id='word_1_45' title='bbox 689 619 753 704; x_wconf 73' lang='grc' dir='ltr'><strong>τὰς</strong></span> <span class='ocrx_word' id='word_1_46' title='bbox 766 619 925 723; x_wconf 72' lang='grc' dir='ltr'>πονηρός</span> <span class='ocrx_word' id='word_1_47' title='bbox 943 624 1002 700; x_wconf 80' lang='grc' dir='ltr'><strong>καὶ</strong></span> <span class='ocrx_word' id='word_1_48' title='bbox 1021 620 1261 719; x_wconf 81' lang='grc' dir='ltr'>ἀντικειμένας</span> <span class='ocrx_word' id='word_1_49' title='bbox 1278 621 1385 701; x_wconf 84' lang='grc' dir='ltr'>δυνά-</span> 
     </span>
     <span class='ocr_line' id='line_1_7' title="bbox 287 744 1432 853; baseline 0.001 -26"><span class='ocrx_word' id='word_1_50' title='bbox 287 781 363 847; x_wconf 91' lang='grc' dir='ltr'>μεις</span> <span class='ocrx_word' id='word_1_51' title='bbox 381 746 430 847; x_wconf 82' lang='grc' dir='ltr'><strong>μὴ</strong></span> <span class='ocrx_word' id='word_1_52' title='bbox 453 754 636 850; x_wconf 83' lang='grc' dir='ltr'>συνεργεῖν</span> <span class='ocrx_word' id='word_1_53' title='bbox 658 748 754 853; x_wconf 78' lang='grc' dir='ltr'>αὐτῷ</span> <span class='ocrx_word' id='word_1_54' title='bbox 770 744 822 845; x_wconf 78' lang='grc' dir='ltr'><strong>μὴ</strong></span> <span class='ocrx_word' id='word_1_55' title='bbox 840 745 878 826; x_wconf 74' lang='grc' dir='ltr'><strong>δὲ</strong></span> <span class='ocrx_word' id='word_1_56' title='bbox 895 753 1040 847; x_wconf 77' lang='grc' dir='ltr'>βοηθεῖν</span> <span class='ocrx_word' id='word_1_57' title='bbox 1065 748 1119 826; x_wconf 79' lang='grc' dir='ltr'><strong>ἔτ’</strong></span> <span class='ocrx_word' id='word_1_58' title='bbox 1139 744 1276 849; x_wconf 83' lang='grc' dir='ltr'>ἀγαθόν</span> <span class='ocrx_word' id='word_1_59' title='bbox 1293 748 1390 853; x_wconf 74' lang='grc' dir='ltr'>αὐτῷ</span> <span class='ocrx_word' id='word_1_60' title='bbox 1401 793 1432 828; x_wconf 88' lang='lat'><strong>10</strong></span> 
     </span>
     <span class='ocr_line' id='line_1_8' title="bbox 288 869 1416 982; baseline 0.002 -32"><span class='ocrx_word' id='word_1_61' title='bbox 288 869 528 982; x_wconf 72' lang='grc' dir='ltr'><strong>οκομιζομένῳ</strong></span> <span class='ocrx_word' id='word_1_62' title='bbox 569 872 671 953; x_wconf 73' lang='grc' dir='ltr'>οὐδὲν</span> <span class='ocrx_word' id='word_1_63' title='bbox 711 871 756 972; x_wconf 84' lang='grc' dir='ltr'><strong>ἦν</strong></span> <span class='ocrx_word' id='word_1_64' title='bbox 802 872 1024 970; x_wconf 83' lang='grc' dir='ltr'>θαυμαστόν·</span> <span class='ocrx_word' id='word_1_65' title='bbox 1073 873 1116 952; x_wconf 84' lang='grc' dir='ltr'><strong>τό</strong></span> <span class='ocrx_word' id='word_1_66' title='bbox 1162 873 1200 952; x_wconf 82' lang='grc' dir='ltr'><strong>δὲ</strong></span> <span class='ocrx_word' id='word_1_67' title='bbox 1243 872 1416 960; x_wconf 79' lang='grc' dir='ltr'>πάντωνο</span> 
     </span>
     <span class='ocr_line' id='line_1_9' title="bbox 288 996 1389 1105; baseline 0 -27"><span class='ocrx_word' id='word_1_68' title='bbox 288 998 460 1099; x_wconf 84' lang='grc' dir='ltr'>με’γιστον</span> <span class='ocrx_word' id='word_1_69' title='bbox 492 1004 555 1098; x_wconf 81' lang='grc' dir='ltr'><strong>τῆς</strong></span> <span class='ocrx_word' id='word_1_70' title='bbox 587 1001 749 1105; x_wconf 77' lang='grc' dir='ltr'>θλίψεως</span> <span class='ocrx_word' id='word_1_71' title='bbox 776 1003 840 1098; x_wconf 79' lang='grc' dir='ltr'><strong>τῆς</strong></span> <span class='ocrx_word' id='word_1_72' title='bbox 867 997 1031 1098; x_wconf 75' lang='grc' dir='ltr'>μάλιστα</span> <span class='ocrx_word' id='word_1_73' title='bbox 1062 998 1252 1103; x_wconf 79' lang='grc' dir='ltr'>τιεζοόσης</span> <span class='ocrx_word' id='word_1_74' title='bbox 1281 996 1389 1079; x_wconf 76' lang='grc' dir='ltr'>αὐτόν</span> 
     </span>
     <span class='ocr_line' id='line_1_10' title="bbox 289 1121 1391 1231; baseline 0.002 -29"><span class='ocrx_word' id='word_1_75' title='bbox 289 1127 403 1204; x_wconf 76' lang='grc' dir='ltr'><strong>ι’τοῦτ’</strong></span> <span class='ocrx_word' id='word_1_76' title='bbox 424 1122 468 1223; x_wconf 85' lang='grc' dir='ltr'><strong>ἦν</strong></span> <span class='ocrx_word' id='word_1_77' title='bbox 494 1124 574 1228; x_wconf 79' lang='grc' dir='ltr'>ἄρα,</span> <span class='ocrx_word' id='word_1_78' title='bbox 592 1124 634 1205; x_wconf 84' lang='grc' dir='ltr'><strong>τό</strong></span> <span class='ocrx_word' id='word_1_79' title='bbox 659 1125 793 1224; x_wconf 74' lang='grc' dir='ltr'>μηδένα</span> <span class='ocrx_word' id='word_1_80' title='bbox 814 1123 864 1224; x_wconf 82' lang='grc' dir='ltr'><strong>μὴ</strong></span> <span class='ocrx_word' id='word_1_81' title='bbox 884 1121 923 1204; x_wconf 75' lang='grc' dir='ltr'><strong>δὲ</strong></span> <span class='ocrx_word' id='word_1_82' title='bbox 939 1130 1012 1204; x_wconf 81' lang='grc' dir='ltr'><strong>τῶν</strong></span> <span class='ocrx_word' id='word_1_83' title='bbox 1033 1126 1161 1204; x_wconf 77' lang='grc' dir='ltr'>αἰσίων</span> <span class='ocrx_word' id='word_1_84' title='bbox 1182 1129 1240 1204; x_wconf 80' lang='grc' dir='ltr'><strong>καὶ</strong></span> <span class='ocrx_word' id='word_1_85' title='bbox 1263 1126 1391 1231; x_wconf 81' lang='grc' dir='ltr'>δεξιῶν</span> 
     </span>
     <span class='ocr_line' id='line_1_11' title="bbox 288 1249 1386 1352; baseline 0.001 -23"><span class='ocrx_word' id='word_1_86' title='bbox 288 1249 466 1352; x_wconf 74' lang='grc' dir='ltr'>ἀγγέλων,</span> <span class='ocrx_word' id='word_1_87' title='bbox 484 1251 535 1350; x_wconf 80' lang='grc' dir='ltr'><strong>μὴ</strong></span> <span class='ocrx_word' id='word_1_88' title='bbox 554 1249 591 1330; x_wconf 74' lang='grc' dir='ltr'><strong>δὲ</strong></span> <span class='ocrx_word' id='word_1_89' title='bbox 610 1251 683 1350; x_wconf 82' lang='grc' dir='ltr'><strong>μὴν</strong></span> <span class='ocrx_word' id='word_1_90' title='bbox 704 1258 777 1332; x_wconf 82' lang='grc' dir='ltr'><strong>τῶν</strong></span> <span class='ocrx_word' id='word_1_91' title='bbox 802 1251 906 1332; x_wconf 89' lang='grc' dir='ltr'>θείων</span> <span class='ocrx_word' id='word_1_92' title='bbox 932 1250 1125 1350; x_wconf 83' lang='grc' dir='ltr'>δυνάμεων,</span> <span class='ocrx_word' id='word_1_93' title='bbox 1143 1259 1284 1349; x_wconf 82' lang='grc' dir='ltr'>τολμᾶν</span> <span class='ocrx_word' id='word_1_94' title='bbox 1309 1255 1386 1332; x_wconf 86' lang='grc' dir='ltr'>ἐπι·</span> 
     </span>
     <span class='ocr_line' id='line_1_12' title="bbox 288 1374 1415 1481; baseline 0.004 -26"><span class='ocrx_word' id='word_1_95' title='bbox 288 1377 423 1469; x_wconf 81' lang='grc' dir='ltr'>βαίνειν</span> <span class='ocrx_word' id='word_1_96' title='bbox 451 1383 525 1461; x_wconf 82' lang='grc' dir='ltr'>τοῖς</span> <span class='ocrx_word' id='word_1_97' title='bbox 551 1385 615 1456; x_wconf 85' lang='grc' dir='ltr'><strong>τοῦ</strong></span> <span class='ocrx_word' id='word_1_98' title='bbox 643 1377 798 1457; x_wconf 83' lang='grc' dir='ltr'>θανάτου</span> <span class='ocrx_word' id='word_1_99' title='bbox 825 1378 1036 1473; x_wconf 73' lang='grc' dir='ltr'>βασιλείοις,</span> <span class='ocrx_word' id='word_1_100' title='bbox 1064 1374 1115 1476; x_wconf 81' lang='grc' dir='ltr'><strong>μὴ</strong></span> <span class='ocrx_word' id='word_1_101' title='bbox 1143 1377 1180 1456; x_wconf 81' lang='grc' dir='ltr'><strong>δὲ</strong></span> <span class='ocrx_word' id='word_1_102' title='bbox 1206 1383 1415 1481; x_wconf 80' lang='grc' dir='ltr'>συνεργεῖνε</span> 
     </span>
     <span class='ocr_line' id='line_1_13' title="bbox 248 1501 1388 1610; baseline 0.003 -29"><span class='ocrx_word' id='word_1_103' title='bbox 248 1533 281 1599; x_wconf 88' lang='lat'><strong>⁶9</strong></span> <span class='ocrx_word' id='word_1_104' title='bbox 289 1504 346 1582; x_wconf 81' lang='grc' dir='ltr'><strong>ἐπὶ</strong></span> <span class='ocrx_word' id='word_1_105' title='bbox 367 1503 515 1610; x_wconf 76' lang='grc' dir='ltr'>βοηθείᾳ</span> <span class='ocrx_word' id='word_1_106' title='bbox 532 1509 604 1583; x_wconf 82' lang='grc' dir='ltr'><strong>τῶν</strong></span> <span class='ocrx_word' id='word_1_107' title='bbox 622 1501 745 1584; x_wconf 82' lang='grc' dir='ltr'>αὐτόθι</span> <span class='ocrx_word' id='word_1_108' title='bbox 763 1510 904 1610; x_wconf 74' lang='grc' dir='ltr'>ψυχῶν.</span> <span class='ocrx_word' id='word_1_109' title='bbox 958 1501 1073 1610; x_wconf 84' lang='grc' dir='ltr'>Μόνιρ</span> <span class='ocrx_word' id='word_1_110' title='bbox 1090 1502 1162 1606; x_wconf 82' lang='grc' dir='ltr'><strong>γὰρ</strong></span> <span class='ocrx_word' id='word_1_111' title='bbox 1180 1506 1276 1610; x_wconf 75' lang='grc' dir='ltr'>αὐτῷ</span> <span class='ocrx_word' id='word_1_112' title='bbox 1292 1504 1388 1584; x_wconf 75' lang='grc' dir='ltr'>τοῦτ’</span> 
     </span>
     <span class='ocr_line' id='line_1_14' title="bbox 288 1627 1390 1737; baseline 0.005 -31"><span class='ocrx_word' id='word_1_113' title='bbox 288 1628 434 1731; x_wconf 66' lang='grc' dir='ltr'>ἀτρεμὲς</span> <span class='ocrx_word' id='word_1_114' title='bbox 452 1627 506 1728; x_wconf 72' lang='grc' dir='ltr'><strong>ἦν,</strong></span> <span class='ocrx_word' id='word_1_115' title='bbox 524 1633 599 1710; x_wconf 80' lang='grc' dir='ltr'>ἐπεὶ</span> <span class='ocrx_word' id='word_1_116' title='bbox 623 1632 681 1709; x_wconf 80' lang='grc' dir='ltr'><strong>καὶ</strong></span> <span class='ocrx_word' id='word_1_117' title='bbox 705 1628 804 1737; x_wconf 82' lang='grc' dir='ltr'>μόνῳ</span> <span class='ocrx_word' id='word_1_118' title='bbox 828 1627 1063 1736; x_wconf 76' lang='grc' dir='ltr'>ἠνεῴχθησαν</span> <span class='ocrx_word' id='word_1_119' title='bbox 1088 1629 1202 1710; x_wconf 81' lang='grc' dir='ltr'>πόλοι</span> <span class='ocrx_word' id='word_1_120' title='bbox 1223 1631 1390 1729; x_wconf 82' lang='grc' dir='ltr'>θανάτου,</span> 
     </span>
     <span class='ocr_line' id='line_1_15' title="bbox 287 1755 1390 1864; baseline 0.003 -30"><span class='ocrx_word' id='word_1_121' title='bbox 287 1762 344 1834; x_wconf 84' lang='grc' dir='ltr'><strong>καὶ</strong></span> <span class='ocrx_word' id='word_1_122' title='bbox 363 1755 473 1854; x_wconf 91' lang='grc' dir='ltr'>μόνον</span> <span class='ocrx_word' id='word_1_123' title='bbox 490 1755 598 1835; x_wconf 81' lang='grc' dir='ltr'>αι’ντόν</span> <span class='ocrx_word' id='word_1_124' title='bbox 615 1760 776 1860; x_wconf 85' lang='grc' dir='ltr'>πυλωροὶ</span> <span class='ocrx_word' id='word_1_125' title='bbox 794 1756 882 1864; x_wconf 76' lang='grc' dir='ltr'>ᾅδου</span> <span class='ocrx_word' id='word_1_126' title='bbox 901 1755 1033 1840; x_wconf 79' lang='grc' dir='ltr'>ἰδόντες</span> <span class='ocrx_word' id='word_1_127' title='bbox 1047 1757 1216 1864; x_wconf 78' lang='grc' dir='ltr'>ἔπτηξαν,</span> <span class='ocrx_word' id='word_1_128' title='bbox 1231 1757 1337 1842; x_wconf 82' lang='grc' dir='ltr'>αὐτός</span> <span class='ocrx_word' id='word_1_129' title='bbox 1350 1792 1390 1838; x_wconf 89' lang='grc' dir='ltr'><strong>τε</strong></span> 
     </span>
     <span class='ocr_line' id='line_1_16' title="bbox 287 1881 1432 1987; baseline 0.004 -28"><span class='ocrx_word' id='word_1_130' title='bbox 287 1883 307 1959; x_wconf 89' lang='grc' dir='ltr'>ό</span> <span class='ocrx_word' id='word_1_131' title='bbox 326 1881 368 1960; x_wconf 81' lang='grc' dir='ltr'><strong>τό</strong></span> <span class='ocrx_word' id='word_1_132' title='bbox 386 1881 515 1985; x_wconf 82' lang='grc' dir='ltr'>κρότος</span> <span class='ocrx_word' id='word_1_133' title='bbox 532 1881 624 1987; x_wconf 81' lang='grc' dir='ltr'>ἔχων</span> <span class='ocrx_word' id='word_1_134' title='bbox 642 1889 705 1961; x_wconf 85' lang='grc' dir='ltr'><strong>τοῦ</strong></span> <span class='ocrx_word' id='word_1_135' title='bbox 723 1881 889 1978; x_wconf 81' lang='grc' dir='ltr'>θανάτου,</span> <span class='ocrx_word' id='word_1_136' title='bbox 904 1881 1084 1966; x_wconf 74' lang='grc' dir='ltr'>ὑπεκστὰς</span> <span class='ocrx_word' id='word_1_137' title='bbox 1102 1890 1175 1962; x_wconf 83' lang='grc' dir='ltr'><strong>τῶν</strong></span> <span class='ocrx_word' id='word_1_138' title='bbox 1192 1885 1391 1978; x_wconf 85' lang='grc' dir='ltr'>βασιλείων</span> <span class='ocrx_word' id='word_1_139' title='bbox 1403 1923 1432 1956; x_wconf 81' lang='grc' dir='ltr'><strong>ιο</strong></span> 
     </span>
     <span class='ocr_line' id='line_1_17' title="bbox 289 2005 1386 2112; baseline 0 -24"><span class='ocrx_word' id='word_1_140' title='bbox 289 2007 435 2112; x_wconf 86' lang='grc' dir='ltr'>θρόνων,</span> <span class='ocrx_word' id='word_1_141' title='bbox 454 2005 516 2088; x_wconf 83' lang='grc' dir='ltr'><strong>ἅτε</strong></span> <span class='ocrx_word' id='word_1_142' title='bbox 543 2009 654 2106; x_wconf 90' lang='grc' dir='ltr'>μόνον</span> <span class='ocrx_word' id='word_1_143' title='bbox 682 2010 789 2089; x_wconf 81' lang='grc' dir='ltr'>αὐτὸν</span> <span class='ocrx_word' id='word_1_144' title='bbox 814 2007 977 2111; x_wconf 79' lang='grc' dir='ltr'>ε’ττιγνοός</span> <span class='ocrx_word' id='word_1_145' title='bbox 1001 2009 1127 2089; x_wconf 79' lang='grc' dir='ltr'>ἑαυτοῦ</span> <span class='ocrx_word' id='word_1_146' title='bbox 1151 2009 1280 2112; x_wconf 86' lang='grc' dir='ltr'>κόριον,</span> <span class='ocrx_word' id='word_1_147' title='bbox 1300 2008 1386 2089; x_wconf 82' lang='grc' dir='ltr'>ε’λιί-</span> 
     </span>
     <span class='ocr_line' id='line_1_18' title="bbox 288 2133 1391 2242; baseline 0 -28"><span class='ocrx_word' id='word_1_148' title='bbox 288 2149 403 2234; x_wconf 88' lang='grc' dir='ltr'>λησεν</span> <span class='ocrx_word' id='word_1_149' title='bbox 438 2136 535 2242; x_wconf 72' lang='grc' dir='ltr'>αὐτῷ</span> <span class='ocrx_word' id='word_1_150' title='bbox 571 2135 691 2235; x_wconf 80' lang='grc' dir='ltr'>δεήσει</span> <span class='ocrx_word' id='word_1_151' title='bbox 727 2139 785 2216; x_wconf 83' lang='grc' dir='ltr'><strong>καὶ</strong></span> <span class='ocrx_word' id='word_1_152' title='bbox 822 2136 978 2240; x_wconf 69' lang='grc' dir='ltr'>ἱκετηρία</span> <span class='ocrx_word' id='word_1_153' title='bbox 1009 2142 1191 2234; x_wconf 81' lang='grc' dir='ltr'>μαλακῶς,</span> <span class='ocrx_word' id='word_1_154' title='bbox 1222 2133 1313 2215; x_wconf 83' lang='grc' dir='ltr'>κατὰ</span> <span class='ocrx_word' id='word_1_155' title='bbox 1344 2134 1391 2215; x_wconf 77' lang='grc' dir='ltr'><strong>τὰ</strong></span> 
     </span>
     <span class='ocr_line' id='line_1_19' title="bbox 250 2258 1389 2365; baseline 0.003 -30"><span class='ocrx_word' id='word_1_156' title='bbox 250 2296 280 2348; x_wconf 65' lang='grc' dir='ltr'><strong>7ο</strong></span> <span class='ocrx_word' id='word_1_157' title='bbox 288 2258 489 2358; x_wconf 79' lang='grc' dir='ltr'>δηλούμενα</span> <span class='ocrx_word' id='word_1_158' title='bbox 513 2262 551 2338; x_wconf 84' lang='grc' dir='ltr'><strong>ἐν</strong></span> <span class='ocrx_word' id='word_1_159' title='bbox 576 2265 628 2365; x_wconf 78' lang='grc' dir='ltr'><strong>τῷ</strong></span> <span class='ocrx_word' id='word_1_160' title='bbox 644 2259 731 2355; x_wconf 79' lang='grc' dir='ltr'><strong>Ἰὼβ</strong></span> <span class='ocrx_word' id='word_1_161' title='bbox 751 2264 832 2363; x_wconf 80' lang='grc' dir='ltr'>περὶ</span> <span class='ocrx_word' id='word_1_162' title='bbox 856 2261 1004 2341; x_wconf 83' lang='grc' dir='ltr'>τούτων.</span> <span class='ocrx_word' id='word_1_163' title='bbox 1063 2258 1173 2358; x_wconf 87' lang='grc' dir='ltr'>Πλὴν</span> <span class='ocrx_word' id='word_1_164' title='bbox 1197 2259 1298 2339; x_wconf 79' lang='grc' dir='ltr'>ἀλλὰ</span> <span class='ocrx_word' id='word_1_165' title='bbox 1321 2259 1389 2359; x_wconf 76' lang='grc' dir='ltr'><strong>τὴν</strong></span> 
     </span>
     <span class='ocr_line' id='line_1_20' title="bbox 287 2381 1419 2490; baseline 0.004 -28"><span class='ocrx_word' id='word_1_166' title='bbox 287 2386 404 2482; x_wconf 80' lang='grc' dir='ltr'>ιἰσεβῆ</span> <span class='ocrx_word' id='word_1_167' title='bbox 437 2393 499 2462; x_wconf 82' lang='grc' dir='ltr'><strong>τοῦ</strong></span> <span class='ocrx_word' id='word_1_168' title='bbox 535 2381 708 2486; x_wconf 77' lang='grc' dir='ltr'>τυράννου</span> <span class='ocrx_word' id='word_1_169' title='bbox 744 2388 1046 2468; x_wconf 87' lang='grc' dir='ltr'>κατοδυναστείαν</span> <span class='ocrx_word' id='word_1_170' title='bbox 1082 2395 1257 2468; x_wconf 83' lang='grc' dir='ltr'>τοσοῦτον</span> <span class='ocrx_word' id='word_1_171' title='bbox 1294 2389 1419 2490; x_wconf 75' lang='grc' dir='ltr'>όρῶνδ</span> 
     </span>
    </p>
   </div>
   <div class='ocr_carea' id='block_1_5' title="bbox 288 2578 1388 2812">
    <p class='ocr_par' dir='ltr' id='par_1_5' title="bbox 288 2578 1388 2812">
     <span class='ocr_line' id='line_1_21' title="bbox 330 2578 1387 2654; baseline 0.002 -22"><span class='ocrx_word' id='word_1_172' title='bbox 330 2578 517 2634; x_wconf 76' lang='grc' dir='ltr'><strong>Ι1δυιιολιιδθ.</strong></span> <span class='ocrx_word' id='word_1_173' title='bbox 536 2580 565 2633; x_wconf 87' lang='lat' dir='ltr'><strong>P.</strong></span> <span class='ocrx_word' id='word_1_174' title='bbox 709 2589 724 2620; x_wconf 92' lang='lat'>⁰</span> <span class='ocrx_word' id='word_1_175' title='bbox 740 2579 874 2650; x_wconf 73' lang='grc' dir='ltr'>νομίζομεν</span> <span class='ocrx_word' id='word_1_176' title='bbox 887 2579 940 2652; x_wconf 77' lang='grc' dir='ltr'>ὅτι]</span> <span class='ocrx_word' id='word_1_177' title='bbox 958 2579 1113 2654; x_wconf 72' lang='grc' dir='ltr'>νομιζομένῳ</span> <span class='ocrx_word' id='word_1_178' title='bbox 1127 2582 1160 2637; x_wconf 88' lang='grc' dir='ltr'><strong>Ρ.</strong></span> <span class='ocrx_word' id='word_1_179' title='bbox 1188 2581 1344 2649; x_wconf 70' lang='grc' dir='ltr'>κομιζομένου</span> <span class='ocrx_word' id='word_1_180' title='bbox 1359 2581 1387 2634; x_wconf 87' lang='lat' dir='ltr'><strong>S.</strong></span> 
     </span>
     <span class='ocr_line' id='line_1_22' title="bbox 288 2658 1388 2812; baseline 0 -97"><span class='ocrx_word' id='word_1_181' title='bbox 288 2659 477 2812; x_wconf 42' lang='lat' dir='ltr'><strong>xiim</strong></span> <span class='ocrx_word' id='word_1_182' title='bbox 490 2659 594 2794; x_wconf 51' lang='lat' dir='ltr'><strong>{idon</strong></span> <span class='ocrx_word' id='word_1_183' title='bbox 608 2660 748 2733; x_wconf 84' lang='lat' dir='ltr'><strong>interpres.</strong></span> <span class='ocrx_word' id='word_1_184' title='bbox 791 2658 925 2730; x_wconf 75' lang='grc' dir='ltr'>νομίζομεν</span> <span class='ocrx_word' id='word_1_185' title='bbox 945 2658 986 2714; x_wconf 80' lang='grc' dir='ltr'><strong>ὅτι</strong></span> <span class='ocrx_word' id='word_1_186' title='bbox 1008 2661 1145 2734; x_wconf 85' lang='lat' dir='ltr'><strong>Stephano</strong></span> <span class='ocrx_word' id='word_1_187' title='bbox 1167 2661 1257 2716; x_wconf 87' lang='lat' dir='ltr'><strong>deberi</strong></span> <span class='ocrx_word' id='word_1_188' title='bbox 1270 2661 1388 2716; x_wconf 82' lang='lat' dir='ltr'><strong>videtur.</strong></span> 
     </span>
    </p>
   </div>
   <div class='ocr_carea' id='block_1_6' title="bbox 289 2900 1394 4332">
    <p class='ocr_par' dir='ltr' id='par_1_6' title="bbox 289 2900 1394 4332">
     <span class='ocr_line' id='line_1_23' title="bbox 290 2900 1388 2976; baseline -0.001 -20"><span class='ocrx_word' id='word_1_189' title='bbox 290 2919 407 2974; x_wconf 75' lang='lat' dir='ltr'>capaces</span> <span class='ocrx_word' id='word_1_190' title='bbox 427 2920 485 2958; x_wconf 89' lang='lat' dir='ltr'><strong>non</strong></span> <span class='ocrx_word' id='word_1_191' title='bbox 506 2910 581 2966; x_wconf 85' lang='lat' dir='ltr'><strong>sunt,</strong></span> <span class='ocrx_word' id='word_1_192' title='bbox 603 2920 694 2976; x_wconf 88' lang='lat' dir='ltr'><strong>neque</strong></span> <span class='ocrx_word' id='word_1_193' title='bbox 715 2902 873 2976; x_wconf 83' lang='lat' dir='ltr'><strong>adjutorem</strong></span> <span class='ocrx_word' id='word_1_194' title='bbox 893 2908 943 2957; x_wconf 81' lang='lat' dir='ltr'><strong>aut</strong></span> <span class='ocrx_word' id='word_1_195' title='bbox 959 2900 1067 2957; x_wconf 88' lang='lat' dir='ltr'><strong>socium</strong></span> <span class='ocrx_word' id='word_1_196' title='bbox 1086 2901 1207 2958; x_wconf 87' lang='lat' dir='ltr'><strong>habeam</strong></span> <span class='ocrx_word' id='word_1_197' title='bbox 1229 2900 1388 2975; x_wconf 77' lang='lat' dir='ltr'><strong>quempiam</strong></span> 
     </span>
     <span class='ocr_line' id='line_1_24' title="bbox 290 2980 1390 3056; baseline 0 -19"><span class='ocrx_word' id='word_1_198' title='bbox 290 2999 387 3037; x_wconf 89' lang='lat' dir='ltr'><strong>eorum</strong></span> <span class='ocrx_word' id='word_1_199' title='bbox 402 2980 525 3055; x_wconf 79' lang='lat' dir='ltr'><strong>ipsorum</strong></span> <span class='ocrx_word' id='word_1_200' title='bbox 541 2981 589 3056; x_wconf 90' lang='lat' dir='ltr'><strong>qui</strong></span> <span class='ocrx_word' id='word_1_201' title='bbox 603 2981 671 3038; x_wconf 90' lang='lat' dir='ltr'><strong>dicti</strong></span> <span class='ocrx_word' id='word_1_202' title='bbox 684 2990 752 3038; x_wconf 87' lang='lat' dir='ltr'><strong>sunt</strong></span> <span class='ocrx_word' id='word_1_203' title='bbox 767 2982 795 3038; x_wconf 90' lang='lat' dir='ltr'><strong>in</strong></span> <span class='ocrx_word' id='word_1_204' title='bbox 809 2981 963 3038; x_wconf 73' lang='lat' dir='ltr'><strong>certamine</strong></span> <span class='ocrx_word' id='word_1_205' title='bbox 978 2981 1048 3037; x_wconf 88' lang='lat' dir='ltr'><strong>mihi</strong></span> <span class='ocrx_word' id='word_1_206' title='bbox 1061 2999 1113 3056; x_wconf 90' lang='lat' dir='ltr'><strong>pro</strong></span> <span class='ocrx_word' id='word_1_207' title='bbox 1128 2981 1218 3038; x_wconf 87' lang='lat' dir='ltr'><strong>salute</strong></span> <span class='ocrx_word' id='word_1_208' title='bbox 1232 2981 1390 3038; x_wconf 84' lang='lat' dir='ltr'><strong>animarum</strong></span> 
     </span>
     <span class='ocr_line' id='line_1_25' title="bbox 289 3060 1387 3135; baseline 0.002 -20"><span class='ocrx_word' id='word_1_209' title='bbox 289 3060 422 3123; x_wconf 89' lang='lat' dir='ltr'><strong>ineundo,</strong></span> <span class='ocrx_word' id='word_1_210' title='bbox 444 3079 506 3135; x_wconf 83' lang='lat' dir='ltr'><strong>quae</strong></span> <span class='ocrx_word' id='word_1_211' title='bbox 529 3069 595 3117; x_wconf 85' lang='lat' dir='ltr'><strong>sunt</strong></span> <span class='ocrx_word' id='word_1_212' title='bbox 616 3060 689 3135; x_wconf 88' lang='lat' dir='ltr'><strong>apud</strong></span> <span class='ocrx_word' id='word_1_213' title='bbox 712 3061 826 3126; x_wconf 78' lang='lat' dir='ltr'><strong>inferos,</strong></span> <span class='ocrx_word' id='word_1_214' title='bbox 848 3080 898 3118; x_wconf 91' lang='lat' dir='ltr'><strong>cur</strong></span> <span class='ocrx_word' id='word_1_215' title='bbox 914 3061 1030 3118; x_wconf 88' lang='lat' dir='ltr'><strong>tandem</strong></span> <span class='ocrx_word' id='word_1_216' title='bbox 1055 3081 1112 3118; x_wconf 87' lang='lat' dir='ltr'><strong>uon</strong></span> <span class='ocrx_word' id='word_1_217' title='bbox 1135 3063 1236 3118; x_wconf 88' lang='lat' dir='ltr'><strong>merito</strong></span> <span class='ocrx_word' id='word_1_218' title='bbox 1258 3061 1387 3125; x_wconf 82' lang='lat' dir='ltr'><strong>dixerim.</strong></span> 
     </span>
     <span class='ocr_line' id='line_1_26' title="bbox 290 3140 1388 3218; baseline 0.003 -23"><span class='ocrx_word' id='word_1_219' title='bbox 290 3140 365 3214; x_wconf 88' lang='lat' dir='ltr'><strong>quod</strong></span> <span class='ocrx_word' id='word_1_220' title='bbox 379 3142 407 3194; x_wconf 81' lang='lat' dir='ltr'><strong>in</strong></span> <span class='ocrx_word' id='word_1_221' title='bbox 425 3142 551 3214; x_wconf 69' lang='lat' dir='ltr'><strong>proximo</strong></span> <span class='ocrx_word' id='word_1_222' title='bbox 570 3143 606 3199; x_wconf 77' lang='lat' dir='ltr'><strong>cit</strong></span> <span class='ocrx_word' id='word_1_223' title='bbox 626 3141 748 3218; x_wconf 84' lang='lat' dir='ltr'><strong>afflictio,</strong></span> <span class='ocrx_word' id='word_1_224' title='bbox 763 3151 790 3199; x_wconf 84' lang='lat' dir='ltr'><strong>et</strong></span> <span class='ocrx_word' id='word_1_225' title='bbox 809 3144 882 3216; x_wconf 81' lang='lat' dir='ltr'><strong>quod</strong></span> <span class='ocrx_word' id='word_1_226' title='bbox 901 3161 954 3198; x_wconf 85' lang='lat' dir='ltr'><strong>non</strong></span> <span class='ocrx_word' id='word_1_227' title='bbox 972 3143 1008 3198; x_wconf 83' lang='lat' dir='ltr'><strong>rit</strong></span> <span class='ocrx_word' id='word_1_228' title='bbox 1025 3143 1072 3216; x_wconf 79' lang='lat' dir='ltr'><strong>qui</strong></span> <span class='ocrx_word' id='word_1_229' title='bbox 1084 3141 1225 3214; x_wconf 72' lang='lat' dir='ltr'><strong>adjuvet?</strong></span> <span class='ocrx_word' id='word_1_230' title='bbox 1245 3141 1388 3198; x_wconf 81' lang='lat' dir='ltr'><strong>Caeterum</strong></span> 
     </span>
     <span class='ocr_line' id='line_1_27' title="bbox 291 3221 1387 3298; baseline 0 -20"><span class='ocrx_word' id='word_1_231' title='bbox 291 3221 430 3296; x_wconf 75' lang='lat' dir='ltr'><strong>malignas</strong></span> <span class='ocrx_word' id='word_1_232' title='bbox 451 3222 564 3296; x_wconf 88' lang='lat' dir='ltr'><strong>quidem</strong></span> <span class='ocrx_word' id='word_1_233' title='bbox 589 3230 672 3297; x_wconf 87' lang='lat' dir='ltr'><strong>atque</strong></span> <span class='ocrx_word' id='word_1_234' title='bbox 694 3223 826 3280; x_wconf 85' lang='lat' dir='ltr'><strong>adversas</strong></span> <span class='ocrx_word' id='word_1_235' title='bbox 849 3231 1003 3298; x_wconf 83' lang='lat' dir='ltr'><strong>potestates</strong></span> <span class='ocrx_word' id='word_1_236' title='bbox 1027 3241 1086 3279; x_wconf 92' lang='lat' dir='ltr'><strong>non</strong></span> <span class='ocrx_word' id='word_1_237' title='bbox 1107 3223 1193 3279; x_wconf 79' lang='lat' dir='ltr'><strong>fuisse</strong></span> <span class='ocrx_word' id='word_1_238' title='bbox 1213 3223 1252 3279; x_wconf 86' lang='lat' dir='ltr'><strong>illi</strong></span> <span class='ocrx_word' id='word_1_239' title='bbox 1273 3222 1387 3286; x_wconf 82' lang='lat' dir='ltr'><strong>auxilio.</strong></span> 
     </span>
     <span class='ocr_line' id='line_1_28' title="bbox 290 3303 1385 3380; baseline 0 -22"><span class='ocrx_word' id='word_1_240' title='bbox 290 3321 381 3377; x_wconf 87' lang='lat' dir='ltr'><strong>neque</strong></span> <span class='ocrx_word' id='word_1_241' title='bbox 401 3304 571 3360; x_wconf 75' lang='lat' dir='ltr'><strong>succurrisse</strong></span> <span class='ocrx_word' id='word_1_242' title='bbox 595 3303 629 3360; x_wconf 84' lang='lat' dir='ltr'><strong>ad</strong></span> <span class='ocrx_word' id='word_1_243' title='bbox 650 3303 756 3361; x_wconf 89' lang='lat' dir='ltr'><strong>bonum</strong></span> <span class='ocrx_word' id='word_1_244' title='bbox 780 3303 952 3380; x_wconf 77' lang='lat' dir='ltr'><strong>properanti,</strong></span> <span class='ocrx_word' id='word_1_245' title='bbox 974 3303 1070 3359; x_wconf 88' lang='lat' dir='ltr'><strong>mirari</strong></span> <span class='ocrx_word' id='word_1_246' title='bbox 1093 3303 1162 3359; x_wconf 86' lang='lat' dir='ltr'><strong>nihil</strong></span> <span class='ocrx_word' id='word_1_247' title='bbox 1186 3321 1301 3360; x_wconf 82' lang='lat' dir='ltr'><strong>necesse</strong></span> <span class='ocrx_word' id='word_1_248' title='bbox 1324 3310 1385 3359; x_wconf 79' lang='lat' dir='ltr'><strong>est:</strong></span> 
     </span>
     <span class='ocr_line' id='line_1_29' title="bbox 291 3383 1388 3458; baseline -0.004 -16"><span class='ocrx_word' id='word_1_249' title='bbox 291 3402 389 3442; x_wconf 80' lang='lat' dir='ltr'><strong>verum</strong></span> <span class='ocrx_word' id='word_1_250' title='bbox 415 3384 490 3458; x_wconf 90' lang='lat' dir='ltr'><strong>quod</strong></span> <span class='ocrx_word' id='word_1_251' title='bbox 515 3385 641 3442; x_wconf 89' lang='lat' dir='ltr'><strong>omnium</strong></span> <span class='ocrx_word' id='word_1_252' title='bbox 664 3385 820 3441; x_wconf 86' lang='lat' dir='ltr'><strong>maximum</strong></span> <span class='ocrx_word' id='word_1_253' title='bbox 842 3393 895 3448; x_wconf 88' lang='lat' dir='ltr'><strong>est,</strong></span> <span class='ocrx_word' id='word_1_254' title='bbox 921 3402 957 3439; x_wconf 86' lang='lat' dir='ltr'><strong>ex</strong></span> <span class='ocrx_word' id='word_1_255' title='bbox 984 3401 1018 3440; x_wconf 87' lang='lat' dir='ltr'><strong>ea</strong></span> <span class='ocrx_word' id='word_1_256' title='bbox 1041 3383 1191 3440; x_wconf 87' lang='lat' dir='ltr'><strong>afflictione</strong></span> <span class='ocrx_word' id='word_1_257' title='bbox 1219 3401 1281 3457; x_wconf 84' lang='lat' dir='ltr'><strong>quse</strong></span> <span class='ocrx_word' id='word_1_258' title='bbox 1309 3383 1388 3438; x_wconf 86' lang='lat' dir='ltr'><strong>illum</strong></span> 
     </span>
     <span class='ocr_line' id='line_1_30' title="bbox 292 3463 1389 3539; baseline -0.004 -17"><span class='ocrx_word' id='word_1_259' title='bbox 292 3465 415 3522; x_wconf 83' lang='lat' dir='ltr'><strong>maxime</strong></span> <span class='ocrx_word' id='word_1_260' title='bbox 429 3466 584 3539; x_wconf 88' lang='lat' dir='ltr'><strong>premebat,</strong></span> <span class='ocrx_word' id='word_1_261' title='bbox 599 3465 629 3521; x_wconf 91' lang='lat' dir='ltr'><strong>id</strong></span> <span class='ocrx_word' id='word_1_262' title='bbox 644 3483 711 3520; x_wconf 84' lang='lat' dir='ltr'><strong>sane</strong></span> <span class='ocrx_word' id='word_1_263' title='bbox 724 3463 786 3528; x_wconf 83' lang='lat' dir='ltr'><strong>fuit,</strong></span> <span class='ocrx_word' id='word_1_264' title='bbox 803 3483 838 3520; x_wconf 88' lang='lat' dir='ltr'><strong>ne</strong></span> <span class='ocrx_word' id='word_1_265' title='bbox 851 3463 1005 3521; x_wconf 83' lang='lat' dir='ltr'><strong>faventium</strong></span> <span class='ocrx_word' id='word_1_266' title='bbox 1027 3463 1141 3538; x_wconf 89' lang='lat' dir='ltr'><strong>quidem</strong></span> <span class='ocrx_word' id='word_1_267' title='bbox 1156 3481 1189 3520; x_wconf 87' lang='lat' dir='ltr'><strong>ao</strong></span> <span class='ocrx_word' id='word_1_268' title='bbox 1203 3463 1389 3537; x_wconf 88' lang='lat' dir='ltr'><strong>propitiorum</strong></span> 
     </span>
     <span class='ocr_line' id='line_1_31' title="bbox 291 3543 1388 3620; baseline -0.004 -18"><span class='ocrx_word' id='word_1_269' title='bbox 291 3545 457 3620; x_wconf 85' lang='lat' dir='ltr'><strong>angelorum</strong></span> <span class='ocrx_word' id='word_1_270' title='bbox 485 3545 643 3620; x_wconf 87' lang='lat' dir='ltr'><strong>quempiam</strong></span> <span class='ocrx_word' id='word_1_271' title='bbox 672 3563 725 3601; x_wconf 88' lang='lat' dir='ltr'><strong>nec</strong></span> <span class='ocrx_word' id='word_1_272' title='bbox 754 3544 912 3601; x_wconf 87' lang='lat' dir='ltr'><strong>divinarum</strong></span> <span class='ocrx_word' id='word_1_273' title='bbox 947 3552 1120 3619; x_wconf 86' lang='lat' dir='ltr'><strong>potestatum</strong></span> <span class='ocrx_word' id='word_1_274' title='bbox 1155 3561 1270 3619; x_wconf 83' lang='lat' dir='ltr'><strong>prorsus</strong></span> <span class='ocrx_word' id='word_1_275' title='bbox 1304 3543 1388 3599; x_wconf 88' lang='lat' dir='ltr'><strong>ullam</strong></span> 
     </span>
     <span class='ocr_line' id='line_1_32' title="bbox 291 3622 1388 3701; baseline -0.005 -18"><span class='ocrx_word' id='word_1_276' title='bbox 291 3646 389 3684; x_wconf 87' lang='lat' dir='ltr'><strong>ausam</strong></span> <span class='ocrx_word' id='word_1_277' title='bbox 411 3644 472 3684; x_wconf 88' lang='lat' dir='ltr'><strong>esse</strong></span> <span class='ocrx_word' id='word_1_278' title='bbox 494 3626 588 3701; x_wconf 82' lang='lat' dir='ltr'><strong>regias</strong></span> <span class='ocrx_word' id='word_1_279' title='bbox 609 3625 710 3682; x_wconf 87' lang='lat' dir='ltr'><strong>mortis</strong></span> <span class='ocrx_word' id='word_1_280' title='bbox 730 3625 831 3682; x_wconf 87' lang='lat' dir='ltr'><strong>domos</strong></span> <span class='ocrx_word' id='word_1_281' title='bbox 852 3625 1093 3699; x_wconf 69' lang='lat' dir='ltr'><strong>invaderentque</strong></span> <span class='ocrx_word' id='word_1_282' title='bbox 1115 3625 1150 3681; x_wconf 88' lang='lat' dir='ltr'><strong>ad</strong></span> <span class='ocrx_word' id='word_1_283' title='bbox 1172 3623 1305 3681; x_wconf 82' lang='lat' dir='ltr'><strong>auxilium</strong></span> <span class='ocrx_word' id='word_1_284' title='bbox 1328 3622 1388 3679; x_wconf 89' lang='lat' dir='ltr'><strong>ani·</strong></span> 
     </span>
     <span class='ocr_line' id='line_1_33' title="bbox 292 3703 1390 3782; baseline -0.005 -18"><span class='ocrx_word' id='word_1_285' title='bbox 292 3727 411 3772; x_wconf 83' lang='lat' dir='ltr'><strong>marum,</strong></span> <span class='ocrx_word' id='word_1_286' title='bbox 427 3725 489 3781; x_wconf 83' lang='lat' dir='ltr'><strong>quse</strong></span> <span class='ocrx_word' id='word_1_287' title='bbox 509 3707 566 3764; x_wconf 87' lang='lat' dir='ltr'><strong>illic</strong></span> <span class='ocrx_word' id='word_1_288' title='bbox 587 3714 676 3769; x_wconf 88' lang='lat' dir='ltr'><strong>erant,</strong></span> <span class='ocrx_word' id='word_1_289' title='bbox 690 3706 794 3762; x_wconf 87' lang='lat' dir='ltr'><strong>sociam</strong></span> <span class='ocrx_word' id='word_1_290' title='bbox 817 3725 848 3761; x_wconf 83' lang='lat' dir='ltr'><strong>se</strong></span> <span class='ocrx_word' id='word_1_291' title='bbox 861 3706 995 3782; x_wconf 81' lang='lat' dir='ltr'><strong>proebere.</strong></span> <span class='ocrx_word' id='word_1_292' title='bbox 1037 3704 1184 3778; x_wconf 86' lang='lat' dir='ltr'><strong>Siquidem</strong></span> <span class='ocrx_word' id='word_1_293' title='bbox 1206 3704 1254 3761; x_wconf 89' lang='lat' dir='ltr'><strong>uni</strong></span> <span class='ocrx_word' id='word_1_294' title='bbox 1274 3703 1314 3760; x_wconf 88' lang='lat' dir='ltr'><strong>illi</strong></span> <span class='ocrx_word' id='word_1_295' title='bbox 1334 3703 1390 3760; x_wconf 90' lang='lat' dir='ltr'><strong>hoc</strong></span> 
     </span>
     <span class='ocr_line' id='line_1_34' title="bbox 292 3785 1390 3862; baseline -0.004 -18"><span class='ocrx_word' id='word_1_296' title='bbox 292 3789 441 3846; x_wconf 90' lang='lat' dir='ltr'><strong>immotum</strong></span> <span class='ocrx_word' id='word_1_297' title='bbox 463 3788 635 3852; x_wconf 84' lang='lat' dir='ltr'><strong>servabatur,</strong></span> <span class='ocrx_word' id='word_1_298' title='bbox 655 3787 882 3862; x_wconf 84' lang='lat' dir='ltr'><strong>quandoquidem</strong></span> <span class='ocrx_word' id='word_1_299' title='bbox 906 3787 954 3842; x_wconf 91' lang='lat' dir='ltr'><strong>uni</strong></span> <span class='ocrx_word' id='word_1_300' title='bbox 977 3785 1062 3842; x_wconf 88' lang='lat' dir='ltr'><strong>etiam</strong></span> <span class='ocrx_word' id='word_1_301' title='bbox 1086 3797 1191 3860; x_wconf 81' lang='lat' dir='ltr'><strong>apertae</strong></span> <span class='ocrx_word' id='word_1_302' title='bbox 1214 3792 1281 3842; x_wconf 84' lang='lat' dir='ltr'><strong>sunt</strong></span> <span class='ocrx_word' id='word_1_303' title='bbox 1301 3793 1390 3859; x_wconf 78' lang='lat' dir='ltr'><strong>portoe</strong></span> 
     </span>
     <span class='ocr_line' id='line_1_35' title="bbox 292 3865 1391 3941; baseline -0.005 -15"><span class='ocrx_word' id='word_1_304' title='bbox 292 3871 402 3934; x_wconf 86' lang='lat' dir='ltr'><strong>mortis,</strong></span> <span class='ocrx_word' id='word_1_305' title='bbox 414 3879 442 3926; x_wconf 88' lang='lat' dir='ltr'><strong>et</strong></span> <span class='ocrx_word' id='word_1_306' title='bbox 454 3888 541 3925; x_wconf 86' lang='lat' dir='ltr'><strong>unum</strong></span> <span class='ocrx_word' id='word_1_307' title='bbox 555 3868 633 3924; x_wconf 82' lang='lat' dir='ltr'><strong>ilium</strong></span> <span class='ocrx_word' id='word_1_308' title='bbox 648 3867 707 3923; x_wconf 87' lang='lat' dir='ltr'><strong>orci</strong></span> <span class='ocrx_word' id='word_1_309' title='bbox 718 3867 856 3941; x_wconf 86' lang='lat' dir='ltr'><strong>janitores</strong></span> <span class='ocrx_word' id='word_1_310' title='bbox 870 3865 1025 3940; x_wconf 80' lang='lat' dir='ltr'><strong>conspicati</strong></span> <span class='ocrx_word' id='word_1_311' title='bbox 1035 3865 1266 3928; x_wconf 84' lang='lat' dir='ltr'><strong>formidaverunt,</strong></span> <span class='ocrx_word' id='word_1_312' title='bbox 1277 3865 1391 3939; x_wconf 83' lang='lat' dir='ltr'><strong>ipseque</strong></span> 
     </span>
     <span class='ocr_line' id='line_1_36' title="bbox 292 3944 1393 4025; baseline -0.003 -22"><span class='ocrx_word' id='word_1_313' title='bbox 292 3949 339 4006; x_wconf 91' lang='lat' dir='ltr'><strong>ille</strong></span> <span class='ocrx_word' id='word_1_314' title='bbox 354 3951 401 4022; x_wconf 90' lang='lat' dir='ltr'><strong>qui</strong></span> <span class='ocrx_word' id='word_1_315' title='bbox 415 3951 515 4007; x_wconf 87' lang='lat' dir='ltr'><strong>mortis</strong></span> <span class='ocrx_word' id='word_1_316' title='bbox 530 3948 678 4025; x_wconf 85' lang='lat' dir='ltr'><strong>imperium</strong></span> <span class='ocrx_word' id='word_1_317' title='bbox 692 3947 815 4004; x_wconf 84' lang='lat' dir='ltr'><strong>habebat</strong></span> <span class='ocrx_word' id='word_1_318' title='bbox 828 3948 864 4004; x_wconf 88' lang='lat' dir='ltr'><strong>de</strong></span> <span class='ocrx_word' id='word_1_319' title='bbox 878 3947 964 4022; x_wconf 82' lang='lat' dir='ltr'><strong>regiis</strong></span> <span class='ocrx_word' id='word_1_320' title='bbox 978 3945 1092 4003; x_wconf 82' lang='lat' dir='ltr'><strong>sedibus</strong></span> <span class='ocrx_word' id='word_1_321' title='bbox 1107 3947 1219 4012; x_wconf 81' lang='lat' dir='ltr'><strong>cedens,</strong></span> <span class='ocrx_word' id='word_1_322' title='bbox 1232 3953 1330 4020; x_wconf 86' lang='lat' dir='ltr'><strong>utpote</strong></span> <span class='ocrx_word' id='word_1_323' title='bbox 1345 3944 1393 4018; x_wconf 90' lang='lat' dir='ltr'><strong>qui</strong></span> 
     </span>
     <span class='ocr_line' id='line_1_37' title="bbox 293 4026 1392 4104; baseline -0.001 -22"><span class='ocrx_word' id='word_1_324' title='bbox 293 4047 381 4083; x_wconf 91' lang='lat' dir='ltr'><strong>unum</strong></span> <span class='ocrx_word' id='word_1_325' title='bbox 396 4029 473 4085; x_wconf 90' lang='lat' dir='ltr'><strong>illum</strong></span> <span class='ocrx_word' id='word_1_326' title='bbox 488 4049 568 4087; x_wconf 87' lang='lat' dir='ltr'><strong>suum</strong></span> <span class='ocrx_word' id='word_1_327' title='bbox 586 4029 740 4085; x_wconf 87' lang='lat' dir='ltr'><strong>Dominum</strong></span> <span class='ocrx_word' id='word_1_328' title='bbox 757 4036 951 4104; x_wconf 85' lang='lat' dir='ltr'><strong>cognosceret,</strong></span> <span class='ocrx_word' id='word_1_329' title='bbox 967 4046 1030 4084; x_wconf 87' lang='lat' dir='ltr'><strong>cum</strong></span> <span class='ocrx_word' id='word_1_330' title='bbox 1045 4026 1093 4083; x_wconf 88' lang='lat' dir='ltr'><strong>illo</strong></span> <span class='ocrx_word' id='word_1_331' title='bbox 1103 4035 1151 4083; x_wconf 85' lang='lat' dir='ltr'><strong>est</strong></span> <span class='ocrx_word' id='word_1_332' title='bbox 1164 4027 1277 4083; x_wconf 88' lang='lat' dir='ltr'><strong>locutus</strong></span> <span class='ocrx_word' id='word_1_333' title='bbox 1292 4026 1392 4099; x_wconf 90' lang='lat' dir='ltr'><strong>depre-</strong></span> 
     </span>
     <span class='ocr_line' id='line_1_38' title="bbox 294 4105 1392 4182; baseline 0.001 -22"><span class='ocrx_word' id='word_1_334' title='bbox 294 4106 418 4160; x_wconf 84' lang='lat' dir='ltr'><strong>cantium</strong></span> <span class='ocrx_word' id='word_1_335' title='bbox 432 4127 465 4162; x_wconf 85' lang='lat' dir='ltr'><strong>ac</strong></span> <span class='ocrx_word' id='word_1_336' title='bbox 480 4108 695 4182; x_wconf 82' lang='lat' dir='ltr'><strong>supplicantium</strong></span> <span class='ocrx_word' id='word_1_337' title='bbox 711 4127 789 4165; x_wconf 87' lang='lat' dir='ltr'><strong>more</strong></span> <span class='ocrx_word' id='word_1_338' title='bbox 803 4128 861 4165; x_wconf 91' lang='lat' dir='ltr'><strong>non</strong></span> <span class='ocrx_word' id='word_1_339' title='bbox 876 4109 969 4164; x_wconf 87' lang='lat' dir='ltr'><strong>minus</strong></span> <span class='ocrx_word' id='word_1_340' title='bbox 983 4107 1122 4182; x_wconf 78' lang='lat' dir='ltr'><strong>ignaviter</strong></span> <span class='ocrx_word' id='word_1_341' title='bbox 1142 4127 1227 4182; x_wconf 83' lang='lat' dir='ltr'><strong>quam</strong></span> <span class='ocrx_word' id='word_1_342' title='bbox 1246 4105 1320 4180; x_wconf 83' lang='lat' dir='ltr'><strong>apud</strong></span> <span class='ocrx_word' id='word_1_343' title='bbox 1334 4105 1392 4161; x_wconf 90' lang='lat' dir='ltr'><strong>Job</strong></span> 
     </span>
     <span class='ocr_line' id='line_1_39' title="bbox 294 4182 1394 4260; baseline 0.005 -26"><span class='ocrx_word' id='word_1_344' title='bbox 294 4184 330 4236; x_wconf 88' lang='lat' dir='ltr'><strong>de</strong></span> <span class='ocrx_word' id='word_1_345' title='bbox 348 4182 392 4235; x_wconf 80' lang='lat' dir='ltr'><strong>his</strong></span> <span class='ocrx_word' id='word_1_346' title='bbox 410 4184 477 4254; x_wconf 87' lang='lat' dir='ltr'><strong>ipsis</strong></span> <span class='ocrx_word' id='word_1_347' title='bbox 495 4188 578 4241; x_wconf 84' lang='lat' dir='ltr'><strong>rebus</strong></span> <span class='ocrx_word' id='word_1_348' title='bbox 600 4189 802 4260; x_wconf 86' lang='lat' dir='ltr'><strong>scriptumest.</strong></span> <span class='ocrx_word' id='word_1_349' title='bbox 848 4188 906 4244; x_wconf 83' lang='lat' dir='ltr'><strong>Sed</strong></span> <span class='ocrx_word' id='word_1_350' title='bbox 924 4197 1018 4244; x_wconf 88' lang='lat' dir='ltr'><strong>tamen</strong></span> <span class='ocrx_word' id='word_1_351' title='bbox 1041 4187 1174 4243; x_wconf 80' lang='lat' dir='ltr'><strong>nefariam</strong></span> <span class='ocrx_word' id='word_1_352' title='bbox 1191 4187 1265 4243; x_wconf 85' lang='lat' dir='ltr'><strong>illius</strong></span> <span class='ocrx_word' id='word_1_353' title='bbox 1279 4185 1394 4260; x_wconf 82' lang='lat' dir='ltr'><strong>tyranni</strong></span> 
     </span>
     <span class='ocr_line' id='line_1_40' title="bbox 295 4259 1393 4332; baseline 0.011 -22"><span class='ocrx_word' id='word_1_354' title='bbox 295 4259 488 4329; x_wconf 85' lang='lat' dir='ltr'><strong>impotentiam</strong></span> <span class='ocrx_word' id='word_1_355' title='bbox 503 4280 590 4332; x_wconf 85' lang='lat' dir='ltr'><strong>usque</strong></span> <span class='ocrx_word' id='word_1_356' title='bbox 605 4265 676 4320; x_wconf 84' lang='lat' dir='ltr'><strong>adeo</strong></span> <span class='ocrx_word' id='word_1_357' title='bbox 690 4284 808 4322; x_wconf 86' lang='lat' dir='ltr'><strong>cernens</strong></span> <span class='ocrx_word' id='word_1_358' title='bbox 822 4267 982 4330; x_wconf 83' lang='lat' dir='ltr'><strong>invaluisse,</strong></span> <span class='ocrx_word' id='word_1_359' title='bbox 998 4277 1028 4322; x_wconf 89' lang='lat' dir='ltr'><strong>ut</strong></span> <span class='ocrx_word' id='word_1_360' title='bbox 1044 4267 1136 4323; x_wconf 84' lang='lat' dir='ltr'><strong>nullus</strong></span> <span class='ocrx_word' id='word_1_361' title='bbox 1151 4268 1221 4324; x_wconf 82' lang='lat' dir='ltr'><strong>aliua</strong></span> <span class='ocrx_word' id='word_1_362' title='bbox 1236 4266 1393 4323; x_wconf 65' lang='lat' dir='ltr'><strong>coelestium</strong></span> 
     </span>
    </p>
   </div>
   <div class='ocr_carea' id='block_1_7' title="bbox 0 0 1570 4708">
    <p class='ocr_par' dir='ltr' id='par_1_7' title="bbox 0 0 1570 4708">
     <span class='ocr_line' id='line_1_41' title="bbox 0 0 1570 4708; baseline 0 0"><span class='ocrx_word' id='word_1_363' title='bbox 0 0 1570 4708; x_wconf 95' lang='lat' dir='ltr'><strong> </strong></span> 
     </span>
    </p>
   </div>
  </div>
 </body>
</html>
