3142 4720
242 251 308 314 558
690 247 874 314 EUSEBII
1319 273 1348 336 p.
1362 267 1424 336 277
1438 286 1483 303 ..-

243 418 404 524 φητικὺν,
423 415 541 497 διὰτὸ
564 420 646 496 καθ’
667 416 868 521 ὑπερβατὸν
892 421 1065 520 εἰρῆσθαι,
1083 419 1140 497 ἐπὶ
1159 417 1202 497 τὸ
1220 419 1337 523 σαφέ-

222 578 374 647 ςστερον
391 545 413 642 ἡ
432 541 608 642 ἐπιστολὴ
627 544 819 646 διείληφεν.
869 547 920 621 Ἡ
940 543 1005 642 μὲν
1023 541 1095 644 γὰρ
1112 547 1176 642 τῆς
1194 551 1339 650 προφη-

243 673 337 754 τείας
365 669 473 776 λέξις,
491 669 563 749 ¹⁸0
588 669 771 775 ἐρχόμενος,
791 673 917 773 φησὶν,
936 670 1014 775 ἥξει,
1037 677 1096 748 nai
1127 675 1161 749 οὑ
1190 675 1339 775 χρονίσει.

245 799 318 874 Καὶ
342 792 599 900 έπιφερει,Ἐὺιν
618 796 872 884 ὑποστείληται,
894 799 952 874 οὑκ
979 789 1104 874 eriberti
1119 833 1137 889 η
1154 787 1259 904 ψυχή
1277 832 1342 901 ριον
1354 829 1385 864 ¹⁰

245 923 276 1000 ἑν
301 927 402 1028 αὐτῷ,
423 920 510 1021 ὅπερ
535 917 805 1015 συναπτόμενον
833 917 1031 1020 ἀνοίγεσθαι
1056 918 1191 1026 δόξειεν
1215 918 1261 1000 οἲν
1286 924 1374 1001 e'rrib

245 1046 309 1126 τὸν
335 1043 525 1150 ἐρχόμενον
553 1048 612 1122 καὶ
640 1045 682 1122 οὐ
708 1043 925 1147 χρονίῷνπα,
953 1044 1041 1147 ὅπερ
1068 1048 1168 1125 ἐστὶν
1196 1047 1341 1126 ἄσωτον.

247 1175 333 1253 Πῶς
351 1167 422 1272 γὰρ
447 1170 499 1249 ἐπ’
521 1171 651 1248 ἐκεῖνον
679 1168 830 1272 ἁρμόσει
854 1168 896 1249 τὸ
924 1171 1096 1270 λέγεσθαι
1118 1169 1169 1270 μὴ
1193 1172 1346 1251 εὑδοκεῑν

247 1297 284 1374 ἐν
313 1296 409 1401 αὐτῷ
436 1293 499 1374 τὸν
528 1291 647 1391 Θεόν;
679 1295 806 1394 ἀλλίΞ
833 1301 898 1394 τῆς
926 1299 1121 1396 διαστολῆς
1147 1295 1370 1398 παρόθεσιςε

247 1419 485 1528 ε’ναλλόξασα
502 1418 568 1519 τὴν
585 1429 649 1500 τοῦ
666 1419 780 1523 λόγον
798 1423 972 1528 σύνταξιν
990 1421 1056 1522 τὴν
1074 1422 1231 1502 διάνοιαν
1249 1421 1342 1502 ε’σεό·

227 1574 355 1628 σσατο.
419 1546 526 1628 Merui
544 1545 615 1649 γὰρ
633 1545 775 1642 τὸ,“Ετι
803 1549 918 1654 μοκρὺι
944 1549 1015 1630 ’ίσον
1040 1550 1111 1630 ’ίσον
1137 1559 1152 1631 ὑ
1177 1551 1347 1655 ἐρχόμενος

250 1675 315 1782 ἥξει
344 1683 402 1755 καί
433 1680 467 1754 οὑ
495 1677 645 1780 χρονίσει,
664 1674 747 1779 ἑξῆς
773 1679 919 1779 συνῆψε
945 1674 997 1772 τὸ,
1011 1673 1056 1756 ‘0
1086 1671 1121 1756 ὑὲ
1149 1672 1279 1761 δίκαιος
1306 1676 1347 1754 εἰο

250 1803 397 1885 πίστεως
416 1798 562 1900 ζήσεται.
612 1794 702 1876 Εἶτα
720 1797 762 1876 τὸ
781 1800 819 1876 ἐν
837 1803 881 1902 τῇ
900 1797 1101 1905 προφητείᾳ
1118 1805 1261 1902 πρῶτον
1278 1798 1346 1878 κεί-

251 1959 358 2024 μενον
376 1923 527 2030 ὑπέταξε
547 1923 707 2026 δεύτερον
723 1926 761 2004 ἐν
779 1930 839 2031 τῷ,
858 1931 924 2003 Καὶ
945 1923 1002 2004 ἐλν
1020 1931 1270 2018 ὑποστείληται,
1288 1931 1347 2005 οὑκ
1359 1964 1391 1999 ιο

253 2047 380 2131 ebionei
403 2054 420 2144 ἡ
445 2042 550 2155 ψυχή
567 2086 632 2154 ριον
655 2051 685 2130 ἑν
710 2057 811 2157 αὐτῷ.
864 2047 996 2156 Ἄπαξ
1020 2049 1091 2155 γὰρ
1119 2053 1300 2134 θεσπίσας
1327 2053 1373 2130 bo

252 2301 391 2382 ἔθνεσιν
418 2301 685 2403 ἐπηγγελμένον
713 2299 771 2382 διὰ
792 2305 856 2400 τῆς
875 2307 1040 2405 Χριστοῦ
1060 2305 1259 2405 παρουσίας
1279 2297 1353 2410 ὀψέ

232 2463 336 2522 ρποτε
363 2436 422 2508 κοιλ
451 2425 595 2533 ἑσπέρας
625 2432 792 2517 ιἰνοιτελεῖ,
815 2436 875 2507 καὶ
905 2434 938 2507 οὑ
966 2421 1207 2534 babuimus·
1238 2432 1370 2522 οἱίτωςε

253 2552 324 2656 γὰρ
342 2557 420 2633 ἀντὶ
445 2564 509 2635 τοὺ
536 2564 595 2634 καὶ
622 2559 680 2635 οὑκ
702 2563 746 2640 είς
767 2555 851 2635 uerbi
877 2555 897 2633 ὁ
915 2554 1075 2639 Ἀκύλας
1092 2555 1347 2657 ’ἡρμήνευσεν

557 2771 573 2802 ¹
585 2761 617 2817 ‘O
631 2779 685 2817 om.
703 2763 731 2817 S.
815 2761 998 2834 Ηρμὴνενσεν
1012 2764 1041 2819 S.

254 2933 331 3006 quod
344 2951 362 2990 a
374 2932 513 3008 prophete
526 2933 672 2990 obscurius
685 2933 808 3008 positum
823 2941 875 2998 est,
889 2941 1038 3008 propterea
1052 2934 1129 3008 quod
1143 2953 1194 3008 per
1206 2934 1349 3008 trajectio·

254 3031 319 3069 nem
341 3012 481 3087 prolatum
502 3013 548 3078 eit,
564 3013 683 3087 epistola
702 3013 732 3070 in
753 3032 866 3071 sensum
888 3014 1043 3088 planiorem
1063 3015 1248 3082 transtulerit,
1263 3015 1350 3072 verbe

254 3093 329 3149 enim
351 3092 507 3168 prophetiae
529 3093 569 3149 eie
589 3092 704 3158 hubent,
730 3095 843 3150 Veniens
866 3097 961 3158 veniet,
984 3103 1010 3150 ct
1031 3113 1083 3150 αοιι
1105 3095 1268 3152 morabitur.
1311 3093 1350 3152 Et

255 3171 394 3245 adjungit,
414 3172 449 3229 si
471 3173 631 3230 subtraxerit
655 3193 692 3236 rc,
711 3192 765 3230 νιοιι
787 3175 851 3230 bene
870 3176 921 3230 eibi
942 3177 1034 3251 placet
1056 3176 1151 3230 anima
1175 3193 1233 3230 ιιιοα
1258 3175 1287 3230 ιἰι
1307 3193 1348 3230 eo.

255 3252 340 3320 Quod
362 3250 474 3325 quidem
496 3251 562 3308 dum
583 3253 624 3310 ite
643 3254 834 3329 conjungitur,
848 3253 930 3311 facile
951 3254 1129 3311 referendum
1146 3272 1208 3311 esse
1222 3253 1350 3311 videatur

255 3332 291 3388 ad
307 3351 372 3388 eum
392 3331 439 3406 qui
453 3339 588 3390 venturus
607 3343 651 3390 est
671 3346 701 3390 et
720 3353 779 3391 nou
800 3334 964 3400 morabitur,
980 3343 1010 3390 ut
1031 3333 1059 3390 id
1080 3334 1193 3407 quidem
1215 3353 1349 3410 perquam

255 3412 418 3469 absurdum.
451 3411 508 3472 Qui
522 3413 596 3470 euim
611 3414 673 3470 fieri
686 3423 790 3488 potest,
804 3423 837 3470 ut
850 3413 890 3470 illi
904 3413 1134 3471 accommodetur
1148 3414 1223 3489 quod
1237 3413 1349 3478 dicitur,

254 3511 311 3549 non
338 3493 448 3568 placere
473 3493 526 3549 sibi
549 3492 578 3550 in
602 3513 637 3551 eo
661 3495 783 3551 animem
804 3513 894 3558 uuum,
917 3495 941 3551 ei
963 3495 998 3551 dc
1019 3495 1082 3550 Deo
1104 3495 1140 3551 sit
1162 3493 1277 3551 sermo?
1299 3493 1350 3551 sed

254 3573 479 3648 distinctioque
500 3575 629 3648 opposite
650 3584 702 3643 est,
724 3594 810 3649 quum
827 3575 976 3632 verborum
999 3582 1169 3631 structuram
1190 3575 1349 3638 mutaverit,

255 3673 369 3710 censum
391 3655 575 3712 conservavit
628 3655 704 3711 Nam
729 3664 795 3729 post
816 3655 894 3719 iilud,
918 3656 1016 3712 Adbuc
1037 3656 1169 3711 ιιιοάἰονιιι
1190 3655 1349 3728 aliquantu·

255 3733 372 3806 lemque,
391 3738 436 3807 ηαὶ
458 3742 590 3792 uenturus
612 3742 654 3792 ert
676 3737 771 3801 veniet,
793 3743 820 3791 et
840 3755 892 3792 non
912 3736 1043 3799 tardabit,
1065 3735 1200 3792 continuo
1221 3733 1351 3808 adjunxit

255 3812 335 3877 illud,
356 3813 455 3870 Jurtur
475 3822 565 3871 autem
588 3834 621 3872 ον
635 3816 694 3891 fide
716 3817 794 3871 οἱοοι.
836 3815 946 3872 Deinde
967 3815 1037 3872 illud
1058 3815 1133 3890 quod
1152 3815 1181 3871 in
1202 3814 1351 3888 prophetie

255 3892 377 3966 primum
398 3893 521 3966 positum
542 3904 586 3951 est
608 3895 732 3952 secundo
752 3896 816 3952 loco
839 3895 968 3969 subjecit,
990 3895 1038 3953 ubi
1057 3896 1113 3953 eit:
1143 3895 1221 3958 Quod
1240 3895 1264 3952 σι’
1284 3894 1349 3951 cub·

256 3972 374 4028 traxerit
394 3990 432 4035 re,
457 3991 509 4028 ιιοοι
532 3975 596 4030 bene
621 3975 675 4032 ribi
696 3975 790 4050 placet
816 3977 905 4032 anima
932 3995 990 4032 meu
1018 3977 1046 4032 ίπ
1069 3995 1108 4032 νο.
1151 3976 1248 4044 Quum
1275 3974 1350 4032 euim

256 4050 344 4107 semel
358 4051 501 4108 oraculum
515 4072 566 4128 per
579 4055 668 4130 ipeom
683 4055 861 4131 prophetiam
878 4056 1019 4125 cecinerit,
1034 4057 1125 4114 lucem
1140 4055 1272 4112 omnibus
1285 4073 1352 4130 pro·

256 4128 370 4186 inissem
388 4131 521 4205 gentibue
534 4151 586 4206 per
599 4134 707 4192 Christi
722 4135 875 4193 adventum
894 4139 1040 4211 aliquando
1061 4137 1170 4194 tandem
1190 4143 1217 4192 et
1237 4136 1275 4191 nd
1294 4153 1352 4192 oer-

252 4227 348 4282 peram
365 4213 508 4280 orituram,
526 4221 554 4268 et
570 4232 622 4268 ιιοοι
635 4214 841 4288 frurtrateram
857 4214 913 4288 (eie
933 4217 1008 4273 enim
1029 4235 1082 4291 pro
1101 4236 1136 4273 eo
1158 4215 1235 4289 quod
1255 4224 1308 4280 est,
1324 4222 1352 4271 et

255 4307 308 4344 ιιοοι
329 4290 357 4344 ιἰι
378 4307 486 4358 ornum,
508 4291 615 4365 Aquilo
635 4303 679 4350 est
699 4295 900 4370 interpretetus
910 4297 931 4366 z)
961 4296 1062 4354 deinde
1083 4297 1160 4371 quod
1181 4313 1245 4352 cero
1267 4305 1297 4352 et
1315 4295 1352 4352 ed
