3132 4714
250 231 314 296 618
696 233 881 298 EUSEBII
1325 251 1357 313 p.
1367 248 1438 312 3¹0
1452 262 1505 276 —

248 397 362 495 καρδία
384 407 446 470 τοῦ
470 407 554 470 λαοῦ
578 401 710 485 τοῦτον,
728 401 780 470 καὶ
801 410 873 476 τοῖς
894 399 974 469 ιόσὶν
990 399 1094 468 αῦτιῦν
1110 398 1236 493 βαρέως
1256 401 1350 476 ἥκου-

251 544 325 596 σαν,
347 512 399 584 καῦ
426 514 501 589 τοῦς
527 515 722 612 ὀφθαλμοὺς
749 517 852 584 αῦτιῦν
880 511 1077 597 ἐκάμμυσαν,
1102 516 1234 594 μήποτε
1257 510 1380 582 ἵόωσιὶ)

251 638 321 704 τοῖς
355 631 554 726 ὀφθαλμοῖς,
584 631 636 700 καὶ
666 639 738 706 τοῖς
766 630 847 700 ιόσὶν
877 629 1050 710 ἆκοόσωσι,
1078 628 1132 698 καὶ
1162 632 1205 719 τῇ
1235 624 1350 721 καρδίᾳ

250 748 379 824 συνῶσι,
399 745 450 814 καὶ
477 742 724 839 ἐπιστρέψωσι,
747 745 800 814 καὶ
825 740 964 825 ι’όσωμαι
991 743 1115 819 αι’ντοός.
1168 741 1236 811 Kat
1262 739 1351 826 εἶπα,

250 861 306 935 ἕως
323 860 417 943 τότε,
437 860 561 956 Κόριε;
588 859 657 930 Καὶ
675 857 772 944 εἶπεν,
789 860 847 937 ἕως
862 856 901 929 όν
918 859 1106 954 ἕρημωθῶσι
1124 859 1237 934 πόλεις
1259 855 1375 953 nuptis

251 972 294 1044 τό
322 975 366 1056 μὴ
395 979 629 1060 κατοικεῖσθαι,
658 975 710 1045 καὶ
741 973 822 1044 οἶκοι
854 972 945 1069 παρὰ
975 971 1018 1044 τό
1047 975 1092 1056 μὴ
1122 973 1199 1044 εἶναι
1230 973 1353 1066 ἀνθρώ-

252 1116 342 1161 τους.

229 1241 243 1290 ⁵
310 1221 422 1295 Ποῖον
441 1215 498 1294 οδὲ
523 1214 665 1316 θεμιτόν
684 1214 839 1323 φάσκειν
863 1213 926 1294 τόν
951 1214 1142 1321 προφόγτνγν
1167 1213 1353 1317 ἑωρακέναι

254 1340 398 1445 Κύριον,
435 1341 458 1441 ἢ
498 1341 538 1422 όν
574 1349 647 1426 τοῖς
683 1345 763 1444 περὶ
802 1340 864 1420 τόν
895 1339 1068 1441 Ἀβραὰμ
1104 1339 1352 1442 προπάτορσιν

252 1463 375 1572 douai
399 1503 437 1546 τε
465 1471 523 1548 καὶ
551 1467 766 1567 ὡμιληκέναι
795 1470 833 1546 ἐν
854 1475 927 1551 τοῖς
955 1467 1027 1568 πρὸ
1056 1467 1192 1547 τούτων
1216 1466 1351 1546 όπεδεί-
1364 1504 1394 1537 ιο

253 1594 392 1700 ξαμεν;
424 1600 563 1674 Τοῦτον
596 1593 666 1697 γὰρ
698 1595 787 1692 ὁμοῦ
822 1591 917 1673 Θεὸν
951 1597 1009 1673 καὶ
1048 1594 1182 1695 Κύριον
1214 1596 1271 1672 καὶ
1308 1591 1352 1689 δὴ

253 1721 412 1822 ἄγγελον
449 1717 536 1799 εἶναι
575 1723 632 1799 καὶ
673 1718 963 1824 ἀρχιστράτηγον
1001 1718 1180 1817 δυνάμεως
1219 1717 1380 1819 Κυρίουο

252 1845 586 1949 προμεμαθήκαμεν.
648 1847 811 1926 Μέλλων
834 1854 1023 1949 τοιγαροῦν
1045 1843 1111 1943 τὴν
1136 1850 1184 1928 εἰς
1210 1842 1349 1944 ἀνθρώ,-

254 2005 343 2054 πονς
370 1972 479 2051 αὐτοῦ
506 1971 665 2075 πάροδον
687 1975 707 2050 5
732 1971 858 2073 παρὼν
876 1970 986 2071 λόγος
1005 1968 1195 2071 θεσπίζειν,
1214 1968 1280 2069 τὴν
1297 1970 1353 2046 ἕν-

255 2105 337 2177 θεον
355 2099 463 2178 αὐτοῦ
480 2105 677 2200 προθεωρεῖ
689 2099 892 2194 βασιλείαν,
911 2099 953 2176 δι’
974 2098 1015 2196 ἧς
1033 2100 1148 2200 φησὶν
1167 2093 1353 2198 ἑωρακέναι

255 2224 364 2304 αὐτόν
396 2225 594 2325 καθήμενον
625 2228 683 2306 ἐπὶ
713 2224 842 2326 θρόνου
875 2227 1021 2328 ὑψηλοῦ
1053 2225 1110 2302 καὶ
1143 2222 1378 2324 ἐπηρμένου.5

233 2350 376 2433 ὀΟῦτος
395 2353 424 2426 δ’
445 2349 490 2429 ἂν
508 2352 561 2450 εἴη
581 2353 600 2429 5
619 2349 745 2452 θρόνος
764 2351 872 2429 αὐτοῦ
890 2351 1017 2431 ἐκεῖνος
1036 2347 1056 2425 5
1075 2350 1133 2426 καὶ
1151 2350 1189 2425 ἐν
1206 2353 1257 2453 τῷ
1275 2353 1356 2447 περὶ

255 2483 318 2552 τοῦ
347 2477 533 2576 ἀγαπητοῦ
552 2481 699 2582 Ψαλμῲ
728 2473 980 2573 δεδηλωμένος,
1008 2470 1099 2550 κατὰ
1128 2470 1181 2568 τὸ,
1211 2481 1225 2551 o‘
1256 2469 1355 2577 θρόνος

255 2601 314 2677 τοῦ
334 2608 348 2679 ὁ
368 2599 453 2684 Θεῦς
474 2609 520 2685 εἰς
539 2597 590 2680 τόν
608 2600 711 2680 αἱιῦνα
730 2603 784 2678 τοῦ
803 2599 994 2702 ιιὶιῦνος,ε’φ’
1011 2597 1052 2677 όν
1070 2598 1128 2675 καὶ
1148 2598 1168 2675 5
1186 2597 1355 2675 ἀνωτάτω

256 2731 328 2803 τῶν
347 2723 444 2804 όλων
457 2723 605 2824 ποιητὴς
619 2722 713 2806 Θεὸς
731 2721 851 2824 πατήρ
869 2757 907 2801 τε
926 2725 1034 2802 αὐτοῦ
1050 2725 1098 2804 ὡς
1117 2719 1161 2799 ἂν
1174 2727 1400 2822 μονογενεῖιο

683 2925 697 2956 ⁰
712 2917 739 2971 te
754 2934 873 2988 rupture.
891 2917 921 2970 P.

258 3070 367 3141 quaudo
387 3070 497 3126 videant
517 3072 610 3134 ocutis,
626 3078 652 3126 et
672 3071 753 3126 corde
774 3069 938 3142 intelligunt,
953 3077 978 3125 et
1000 3074 1204 3134 conuertuntur,
1220 3075 1247 3123 et
1265 3085 1358 3124 ranem

258 3165 311 3203 eor.
349 3149 386 3202 Et
400 3150 474 3203 diei:
498 3149 644 3222 Quousque
662 3149 803 3207 Domine?
823 3149 864 3205 Et
879 3151 957 3215 dixit,
975 3149 1070 3204 Donec
1090 3149 1201 3206 deserto
1218 3151 1273 3223 rint
1292 3149 1357 3204 civi·

260 3234 338 3291 lotor,
354 3245 385 3282 eo
406 3229 478 3302 quod
497 3246 551 3284 πον
571 3232 609 3284 eit
630 3231 676 3304 qui
697 3231 846 3286 inluminet:
869 3237 895 3286 et
914 3230 1016 3292 domus.
1032 3247 1062 3285 eo
1083 3230 1153 3300 quod
1170 3246 1223 3284 nou
1241 3230 1294 3284 siut
1309 3229 1358 3283 λο-

258 3309 350 3362 mineo.
392 3309 433 3364 At
446 3307 522 3364 enim
544 3326 627 3382 qoem
644 3309 759 3366 tandem
774 3310 928 3366 Dominum
942 3309 985 3364 sno
1000 3316 1044 3364 eet
1058 3307 1151 3364 dicere
1166 3307 1257 3364 visum
1271 3308 1359 3364 fuisse

260 3405 277 3442 a
297 3386 435 3462 propheta
455 3397 557 3461 praeter
576 3407 650 3452 enm.
666 3408 749 3463 quern
771 3398 800 3446 et
813 3389 937 3446 Abruhae
958 3395 987 3444 et
1006 3387 1120 3462 reliquie
1135 3387 1259 3444 Abruhae
1280 3387 1357 3443 eimi-

259 3467 332 3524 libus
353 3468 452 3542 priscis
471 3469 597 3541 patribus
613 3470 705 3525 visum
728 3469 821 3534 inisse,
839 3477 868 3525 et
887 3488 951 3525 cnm
972 3467 1072 3524 iisdem
1094 3468 1220 3523 locutum
1242 3487 1313 3534 esse,
1328 3465 1360 3523 in

260 3547 400 3622 prioribus
418 3549 497 3604 libris
517 3548 714 3606 ostendimus?
738 3549 824 3605 Hune
845 3549 920 3606 enim
940 3547 1046 3623 puriter
1065 3556 1095 3604 et
1109 3548 1202 3603 Deum
1217 3555 1246 3603 et
1259 3548 1358 3604 Domi·

261 3646 339 3691 num.
368 3637 397 3685 et
424 3629 492 3686 item
520 3629 653 3703 angelum
681 3647 752 3693 esse.
782 3637 811 3685 et
838 3628 960 3702 primum
988 3629 1186 3701 imperatorem
1214 3628 1360 3702 copiarum

261 3707 386 3772 Domini,
401 3717 484 3764 antea
497 3708 655 3766 didicimus.
699 3709 795 3776 Quum
809 3726 879 3782 ergo
893 3725 1018 3782 praeoens
1036 3707 1180 3764 oraculum
1196 3717 1272 3764 esset
1285 3707 1360 3764 illins

261 3786 298 3842 ud
325 3787 455 3844 homines
481 3789 746 3862 commigrationem
772 3789 980 3863 praedictorum.
1009 3786 1135 3844 divinum
1170 3797 1254 3844 antea
1285 3787 1360 3844 illius

261 3883 383 3938 regnum
407 3869 622 3942 contemplatur,
646 3867 694 3924 ubi
718 3868 758 3924 oit
782 3887 812 3924 se
834 3869 938 3924 vidisse
960 3867 1039 3924 illurn
1063 3868 1209 3924 sedentem
1234 3868 1264 3923 in
1288 3868 1360 3923 solio

263 3945 376 4000 excelso
390 3955 420 4002 et
434 3947 554 4005 sublimi.
587 3949 654 4006 Hoc
667 3956 761 4004 nutem
778 3949 851 4005 illius
865 3948 965 4004 solium
980 3947 1048 4003 illud
1063 3965 1125 4004 esse
1140 3947 1360 4004 existimandum

101 4031 135 4072 P·-
144 4031 203 4081 νοῦ.
263 4030 316 4088 eet,
332 4025 407 4098 quod
420 4025 450 4080 in
464 4025 577 4084 Psalmo
591 4027 626 4084 de
640 4028 744 4084 dilecto
758 4037 902 4084 ostensum
918 4037 969 4091 est,
985 4027 1013 4083 in
1028 4027 1083 4083 illi·
1097 4027 1199 4090 verbio,
1215 4027 1297 4084 Sedes
1311 4035 1360 4084 tuo

266 4103 346 4159 Deus
360 4107 388 4160 ιἰι
406 4106 531 4162 seculum
551 4109 651 4172 cuculi,
667 4126 751 4181 super
771 4127 855 4182 quam
877 4127 1024 4181 supremus
1043 4115 1073 4165 et
1087 4107 1211 4164 universi
1229 4107 1360 4164 conditor

264 4181 351 4244 Dens,
375 4191 404 4238 et
422 4181 509 4254 ipsine
534 4193 622 4256 pater,
644 4187 736 4259 ipsum
757 4195 891 4261 tanquam
914 4187 1027 4244 unicum
1052 4206 1085 4243 ao
1107 4186 1241 4244 dilectum
1262 4187 1361 4243 eedere

103 4265 217 4314 Formi·
260 4258 389 4330 jubebat,
415 4259 521 4323 dicens,
543 4259 614 4316 Sede
641 4283 658 4317 α
686 4267 788 4321 deutris
817 4267 889 4332 oreis,
916 4269 998 4321 donoc
1026 4285 1125 4338 ponam
1153 4269 1274 4322 inimicos
1299 4275 1361 4323 tuoe
