3108 4708
264 251 329 318 οοο
711 246 897 312 uusuau
1340 271 1372 333 p.
1383 248 1492 328 481·-

225 431 255 482 1⁶
262 405 380 503 με’νας.
440 402 580 485 ’Ὅθεν
607 406 627 483 ὁ
651 404 821 502 Ἀκύλας,
837 399 976 512 ἔρριψα,
996 403 1129 511 φήσας,
1153 404 1189 484 τί
1217 403 1364 512 ἀργίροον

263 531 293 609 ἑν
312 538 358 637 τῷ
377 533 455 637 οίκιρ
476 535 588 634 Κυρίου
609 529 691 636 πρλς
710 528 762 610 τίν
786 530 955 624 πλάστην,
973 535 1104 632 σαφῶς
1128 529 1295 624 διδάσκει,
1315 533 1396 612 died

262 665 326 735 τοῦ
344 654 458 755 λόγου
476 663 540 735 τοῦ
559 655 653 735 θείου
672 653 772 751 δίκην
789 653 959 733 πλάστου
977 661 1221 738 κατουεοῦντος
1238 659 1286 738 είς
1300 651 1364 733 τὸν

263 779 359 861 οἶκον
387 782 531 884 Κυρίου,
551 784 610 860 καὶ
634 780 856 864 πλάττοντος
880 784 939 861 καὶ
964 783 1192 866 ἀνανεοῦντος
1208 781 1272 864 τὰς
1290 788 1363 860 τῶν

231 1005 235 1012 ἢ
261 903 486 1006 προσιόντων
514 903 648 1010 ψυχάς.
708 903 817 1004 Πλὴν
844 906 928 985 ἀλλ’
953 906 1094 1007 ἐπείπερ
1126 906 1150 1004 ἡ
1182 903 1265 1004 τιμὴ
1297 913 1362 984 τοῦ

262 1032 491 1128 τετιμημένου
509 1035 557 1113 εἰς
570 1032 701 1110 ἐκεῖνον
718 1035 989 1128 μεταβληθεῖσα
1006 1030 1070 1111 τὸν
1087 1027 1182 1110 οἶκον
1199 1031 1386 1129 βέβηλονε

262 1156 370 1237 αὐτὸν
397 1155 658 1256 κατεστήσατο,
682 1155 822 1242 εἰκότως
851 1155 952 1242 εὐθὺς
979 1157 1145 1258 ἐπιλέγει,
1171 1167 1231 1238 καὶ
1259 1155 1362 1263 ἰοπέρ-

263 1275 356 1388 polam
374 1282 427 1376 την
440 1278 563 1388 ῥάβδον
573 1281 627 1376 την
640 1279 785 1390 θευτίραν
798 1281 833 1362 τί
846 1287 1044 1388 σχοίνισραα,
1058 1286 1112 1362 τοῦ
1130 1277 1361 1362 lavendulam

225 1406 315 1501 urit
333 1403 484 1502 θοαθκὶκην
502 1407 569 1487 civia
587 1405 684 1510 μίσον
697 1403 807 1487 Ἰούδα
826 1415 885 1488 καὶ
905 1406 972 1486 dria
989 1407 1089 1506 μίτον
1105 1408 1254 1514 Ἰσραήλ.
1290 1407 1364 1511 Ἐξ

261 1533 490 1635 ἐκεῖνοσγάρ
519 1567 573 1613 τοι
607 1530 647 1611 τὸ
676 1537 817 1632 πλῆθος
845 1541 909 1612 τοῦ
942 1531 1063 1615 ἔθνους
1090 1533 1269 1636 ἀπερρίφη
1296 1536 1360 1629 τῆς
1372 1561 1404 1597 ¹⁰

259 1659 375 1738 πάλαι
399 1658 573 1762 πρότερον
599 1660 788 1764 ἐφοράσης
806 1657 932 1742 αὐτοὺς
949 1661 1147 1757 ἐπισκοπῆς
1165 1665 1230 1738 τοῦ
1248 1664 1358 1740 Θεοῦ.

261 1785 441 1886 Δευτέραν
459 1785 497 1864 δὲ
521 1785 659 1889 ῥάβδον
681 1787 834 1887 ἡγοῦμαι
858 1783 901 1865 τὸ
928 1791 1002 1865 πᾶν
1024 1783 1163 1886 ἀθρόως
1179 1785 1361 1864 Ἰουδαίων

260 1909 360 1993 ἔθνος
381 1913 532 1990 ἐνταῦθα
560 1915 771 2012 δηλοῦσθαι.
833 1917 952 1991 Καλεῖ
976 1913 1006 1989 δ
1027 1912 1089 1991 οὖν
1116 1907 1227 2008 αὐτὴν
1254 1912 1355 2006 σχοί-

260 2069 376 2138 νοσμα,
396 2035 523 2138 λέγων,
543 2036 596 2131 την
614 2039 697 2142 μίαν
716 2036 873 2117 ἐκάλεσα
893 2038 1040 2128 κάλλος,
1062 2043 1121 2117 καὶ
1141 2033 1195 2130 την
1212 2031 1472 2143 θευτίρανρι439ι

259 2160 416 2240 ἐκάλεσα
450 2165 647 2264 σχοίοοσμα.
724 2163 796 2240 Καὶ
836 2167 967 2267 σαφῶς
1000 2161 1155 2262 ἐπιλέγει
1185 2165 1266 2262 περὶ
1297 2166 1361 2260 τῆς

260 2285 422 2386 δευτέρας
440 2285 606 2390 φάσκων·
639 2294 697 2367 καὶ
721 2279 901 2396 ἀπίρροφα
926 2283 981 2380 την
1005 2282 1126 2394 ῥάβδον
1143 2285 1197 2379 την
1215 2281 1359 2388 θευτίραο

259 2407 295 2488 ri
326 2411 523 2514 σχοίνοσμα,
551 2413 605 2490 τοῧ
637 2407 869 2491 leucosiam
900 2410 953 2505 την
983 2407 1132 2505 διαθήκην
1161 2411 1228 2490 ciria
1259 2409 1383 2516 μίσους

223 2529 367 2614 ιθἸοιίθα
389 2541 447 2614 καὶ
467 2533 533 2614 dv&
550 2534 651 2640 μίτον
666 2540 814 2642 Ἰσραήλ.
862 2535 976 2614 Οὗτοι
993 2533 1065 2636 γάρ
1082 2533 1180 2633 ἦσαν
1196 2533 1239 2614 τὸ
1257 2537 1361 2638 oxol-

260 2691 373 2757 νισμα
397 2663 455 2739 καὶ
479 2659 501 2758 ἡ
523 2660 657 2763 ῥάβδος
674 2662 696 2760 ἡ
715 2660 872 2762 δευτέρα.
921 2661 971 2739 Ἡ
990 2659 1028 2740 δὲ
1049 2660 1206 2761 προτέρα
1224 2657 1360 2746 κάλλος

436 2843 680 2916 οὅπερ-ἔρριψα]
698 2841 892 2915 ὅθεν-ἔρριψε
907 2843 938 2900 P.
954 2862 1015 2898 cum
1029 2844 1181 2916 interprete.

260 2985 327 3060 igne
341 2985 536 3043 transformari
550 2986 699 3060 contingit,
715 2995 764 3042 aut
778 2985 882 3060 alioqui
902 3005 961 3042 non
981 3005 1067 3061 puros
1088 2985 1155 3043 dum
1174 2993 1310 3060 tanquam
1330 2987 1360 3042 in

259 3065 374 3121 fornace
395 3065 463 3138 igne
485 3066 668 3139 explorantur
689 3066 829 3138 redargui.
872 3064 983 3122 Idcirco
1006 3065 1109 3140 Aquila
1136 3066 1203 3122 dum
1228 3065 1269 3122 ita
1289 3085 1358 3122 con·

258 3143 354 3209 vertit,
370 3143 412 3200 Et
430 3147 543 3218 projecit
564 3154 706 3220 omentum
729 3148 757 3201 ἱα
774 3148 852 3202 domo
868 3144 981 3202 Domini
1002 3147 1039 3201 ud
1051 3147 1180 3219 figulum,
1202 3145 1286 3219 plane
1307 3164 1360 3202 nos

259 3223 343 3280 docet
357 3223 594 3297 quemadmodum
608 3225 734 3282 divinum
748 3225 866 3282 verbum
885 3224 975 3282 instar
995 3226 1075 3299 figuli
1096 3225 1204 3282 habitet
1222 3225 1252 3282 in
1273 3225 1359 3283 domo

260 3303 384 3368 Domini.
406 3311 435 3360 et
459 3321 556 3361 eorum
582 3305 629 3378 qui
651 3305 717 3362 illuc
738 3303 876 3362 accedunt
892 3305 1001 3362 animae
1020 3305 1154 3362 informet
1168 3323 1210 3366 ¹ac
1231 3315 1359 3362 renovet.

259 3383 454 3440 Veruntamen
476 3403 562 3459 quum
583 3385 704 3457 pretium
725 3384 874 3458 appretiati
895 3385 925 3440 in
943 3385 991 3442 illa
1011 3385 1097 3442 domo
1117 3386 1275 3460 projectum
1296 3404 1359 3442 eam

258 3463 349 3538 ipaam
363 3464 508 3538 profanam
524 3464 687 3530 reddiderit,
702 3465 804 3522 merito
823 3463 919 3521 atatim
933 3464 1072 3540 adjungit,
1088 3467 1127 3520 Et
1148 3463 1232 3536 abjeci
1252 3467 1359 3538 virgam

258 3546 383 3609 αθοταυι,
407 3562 465 3616 quae
492 3545 594 3602 dicitur
611 3544 768 3620 formulae,
797 3547 835 3601 ad
861 3546 1045 3618 dissipandum
1073 3552 1259 3602 testamentum
1287 3547 1359 3600 inter

258 3623 363 3682 Judam
386 3632 413 3679 et
437 3623 528 3680 lsrael.
581 3624 626 3680 Ex
648 3624 696 3680 illo
718 3625 793 3681 enim
816 3624 861 3680 illa
887 3625 982 3698 gentis
1007 3623 1157 3680 multitudo
1180 3624 1291 3697 abjecta
1313 3630 1359 3680 eet

257 3703 356 3776 procul
370 3703 406 3758 ab
420 3702 535 3776 antiqua
548 3703 602 3759 Dei
615 3704 713 3768 tutela,
729 3722 791 3778 quae
811 3703 889 3777 priua
908 3703 972 3762 illoa
990 3705 1186 3760 conservabat.
1228 3703 1357 3760 Alteram

258 3791 354 3840 eutem
367 3783 477 3856 virgam
498 3791 567 3856 puto
592 3801 645 3856 pro
666 3783 797 3841 universa
814 3783 897 3840 simul
918 3783 1037 3840 Judaica
1059 3793 1146 3858 gente
1167 3783 1223 3839 hoc
1243 3783 1273 3838 in
1293 3782 1357 3838 loco

258 3863 346 3936 accipi
360 3871 500 3936 oportere.
541 3861 607 3930 Qua
620 3864 656 3920 de
670 3881 755 3920 causa
772 3863 848 3920 illam
869 3862 954 3918 etiam
966 3862 1127 3938 summulam
1141 3871 1234 3928 vocat,
1250 3863 1357 3926 diceus.

262 3940 349 3998 Unam
362 3945 456 3999 uocaui
472 3943 713 4014 pulchritudinem.
728 3951 754 4000 et
767 3945 886 4000 alteram
905 3945 998 3999 vocavi
1009 3942 1182 4015 saniculam.
1224 3941 1299 3997 Tum
1320 3941 1358 3998 de

259 4019 348 4076 altera
361 4021 506 4078 evidenter
520 4021 650 4097 adjungit
664 4021 742 4090 illud,
760 4024 797 4078 Et
810 4020 896 4092 auem·
916 4022 1020 4096 υἰνραου
1038 4023 1164 4088 alteram,
1179 4039 1237 4096 ραα
1256 4021 1359 4077 αἰσίους

250 4097 402 4170 funiculus,
425 4101 462 4154 αθ
483 4100 668 4174 dissipandum
697 4109 886 4158 testamcutum
907 4104 979 4158 inter
1002 4101 1106 4160 Judam
1134 4109 1160 4156 et
1187 4101 1282 4158 lanei.
1324 4097 1358 4156 Si

258 4172 371 4244 quidem
385 4175 415 4228 hi
429 4185 509 4232 erant
522 4187 551 4234 et
565 4179 705 4238 funiculus
719 4189 749 4238 et
761 4182 841 4256 virga
855 4179 951 4236 altera.
992 4181 1073 4237 Prior
1093 4187 1188 4236 autem
1208 4199 1270 4254 quae
1287 4181 1357 4254 pal·

258 4249 384 4304 cdritudo
398 4251 543 4310 nominata
556 4265 609 4320 eet.
624 4277 682 4314 non
697 4259 751 4316 alia
768 4260 853 4316 fuerit
868 4277 952 4332 quam
972 4259 1033 4334 ipsa
1048 4258 1240 4326 Hierusalem,
1254 4259 1355 4317 adora·
