3108 4708
424 247 652 317 DEMONST.
677 250 846 320 EVANG.
871 259 917 323 X.
934 261 964 322 8.
1218 263 1282 335 993

177 410 389 516 ίσχόουσαν,
409 417 457 498 ὡς
482 417 616 514 μηδένα
639 418 757 498 ἄλλον
781 427 922 518 τολμιῖν
939 428 1011 500 τῶν
1033 426 1107 502 κατ’
1130 424 1279 527 οὐρανὸν

175 539 213 616 ἐν
240 545 314 621 τοῖς
341 539 463 619 αὐτόθι
492 543 633 645 χωρίοις
660 552 899 647 συμπαρεῖναι
926 549 1022 654 αὐτῷ
1049 553 1106 628 καὶ
1134 555 1179 653 τῇ
1206 557 1279 629 τῶν

175 663 298 743 αι’ντόθι
327 669 460 769 ψυχῶν
491 677 677 770 συνεργεῖν
706 671 878 778 σωτηρίᾳ,
906 673 1048 758 εἰκότως
1077 679 1203 780 φησὶν,
1230 675 1301 760 'iris

175 783 300 895 θλίψις
332 790 449 893 lypis,
478 793 525 872 'o'rt
558 800 617 873 οὐκ
652 795 737 874 ίττιι
765 806 780 877 ι’
811 797 944 891 βιηθιῖν,
972 797 1049 884 tube
1076 800 1187 900 μόνου
1213 810 1279 881 τοῦ

174 914 315 991 κάκεῖσε
340 919 485 1012 βοηθεῖν
506 916 602 1023 αὐτῷ
628 920 822 1016 δυναμένου
841 922 1143 1006 καταλελοιπότος
1159 922 1278 1022 αὑτὸν,

174 1040 224 1122 ὡς
246 1036 290 1117 διν
314 1045 363 1121 εἰς
387 1037 525 1123 πάντας
551 1044 809 1148 ἀνακηρυχθείη
834 1045 875 1124 τὸ
900 1046 1069 1150 λαμπρὸν
1093 1052 1152 1129 καὶ
1176 1051 1271 1157 ε’ξαί·

172 1197 276 1264 ρετον
294 1169 357 1263 τῆς
376 1165 464 1248 ὶδίας
483 1169 590 1246 αὐτοῦ
614 1171 854 1272 προαιρείτεως
877 1175 942 1270 τῆς
959 1208 997 1252 τε
1021 1173 1113 1254 κατὰ
1131 1175 1276 1255 πάντων
1288 1211 1317 1246 ιο

132 1326 161 1376 71
173 1291 281 1390 νίκης.
344 1295 417 1370 Καὶ
439 1291 625 1396 ἐπειδήπερ
644 1295 664 1372 ὁ
682 1295 791 1393 μόνος
809 1298 904 1403 αι’πῷ
922 1306 1067 1397 βοηθεῖν
1086 1300 1277 1398 δυνάμενος

171 1417 237 1496 οὐκ
269 1413 314 1514 ἦν
337 1417 434 1523 αὐτῷ
460 1416 541 1496 τότε
563 1417 708 1518 βοηθὸς,
727 1418 868 1507 εἰκότως
889 1423 1085 1527 ἀρχόμενος
1106 1426 1208 1527 ἔλεγε
1232 1427 1275 1505 τὸ

171 1547 294 1622 δἨλεὶ
314 1546 412 1622 Ἠλεὶ
434 1546 570 1646 λαμμῖι
597 1545 813 1642 σαβαχθανὶ,
833 1551 918 1626 ταῦτ’
937 1549 1006 1628 ἔστι
1034 1551 1106 1630 Θεέ
1121 1587 1187 1654 μιν
1210 1553 1387 1640 ΘιεῬ·503

170 1705 237 1774 μιν
256 1675 343 1750 ituri
358 1669 589 1770 ἐγκατέλιπές
607 1705 675 1775 μες
696 1673 1036 1780 Συλλαμβανομένφ
1054 1675 1118 1771 μὲν
1137 1676 1275 1755 οὖνκαὶ

172 1794 444 1901 κυοφορουμένιρ
472 1793 541 1874 ὑπὸ
568 1799 632 1893 τῆς
660 1796 764 1896 ἁγίας
790 1798 966 1900 παρθένου
993 1806 1045 1904 τῷ
1070 1801 1276 1907 δηλουμένῳ

172 1919 196 2016 ἡ
218 1920 372 2023 πατρυιὴ
397 1921 544 2019 δύναμις
569 1925 695 2021 συνῆν,
713 1921 772 2000 ὅτε
793 1927 941 2021 Πνεῦμα
957 1921 1060 2025 ἅγιον
1077 1928 1211 2024 ἐπῆλθε
1230 1932 1297 2030 τῇς

172 2043 347 2150 παρθένῳ,
371 2048 429 2123 καὶ
454 2043 600 2142 δύναμις
626 2045 784 2150 ὑψίστου
809 2047 1024 2126 ἐπεσκίασεν
1049 2050 1150 2152 αὐτῇ,
1168 2048 1275 2133 αὐτός

171 2201 212 2248 τε
239 2171 260 2248 ὁ
283 2169 403 2271 πατὴρ
430 2167 495 2250 τὸν
522 2170 751 2270 γεννώμενον,
775 2174 866 2255 circi
895 2169 1006 2273 λόγος
1033 2174 1274 2275 παρέστησεν,

171 2292 244 2374 ἀπὸ
261 2299 325 2394 τῆς
343 2295 503 2399 γαστρὸς
521 2296 736 2401 ἐξέσπασεν·
766 2296 1009 2396 ἀποδυομένου
1031 2298 1069 2379 δέ
1091 2298 1190 2402 παρὰ
1211 2299 1275 2380 τὸν

172 2419 295 2522 καιρὸν
318 2429 381 2501 τοῦ
405 2419 541 2504 πάθους
561 2421 653 2524 πρὸς
671 2422 736 2522 τὴν
761 2422 852 2503 κατὰ
876 2432 940 2503 τοῦ
963 2425 1118 2506 θανάτου
1140 2424 1314 2526 πόλην,ιο

132 2547 287 2640 ηιούκέτι
310 2546 444 2647 βοηθὸς
471 2550 567 2655 αὐτῷ
591 2554 722 2652 παρῆν.
781 2555 899 2628 Τοῦτο
916 2558 1003 2652 γοῦν
1022 2555 1117 2656 αι’ντῴ
1134 2585 1270 2652 μαρτυ-

172 2682 293 2775 ροῦντι
310 2673 481 2754 πιστεύω.
524 2672 579 2753 Τὸ
597 2673 669 2777 γῖιρ
685 2679 781 2753 Ἠλεί
797 2679 895 2754 Ἠλεὶ
915 2678 1052 2780 λαριμιῖ
1070 2673 1273 2770 σαβαχθανὶ

430 2860 445 2903 (t
460 2849 504 2918 ἧλὶ
518 2848 561 2918 rili
574 2852 642 2918 λιμᾶ
655 2857 686 2903 ut
700 2867 781 2920 supra
795 2849 824 2904 S.
840 2856 868 2902 et
882 2849 920 2904 sic
934 2848 1012 2903 infra.

174 2991 273 3048 adesse
287 2991 327 3048 illi
340 2991 369 3048 iu
383 2991 486 3049 talibus
500 2992 570 3049 locis
581 2992 706 3060 auderet,
716 3001 800 3066 atque
811 2993 848 3049 ad
861 3011 958 3050 earum
973 2991 1129 3048 animarum
1143 2992 1272 3060 salutem,

173 3088 235 3144 qnae
249 3071 305 3128 illic
319 3071 526 3140 detinebantur,
542 3071 649 3129 socium
663 3090 693 3128 se
707 3072 843 3147 praebere,
859 3073 960 3129 merito
974 3072 1013 3129 ait
1028 3072 1197 3146 afflictionem
1204 3092 1273 3147 pro.

169 3151 235 3223 ριύι
248 3151 350 3218 adesce,
363 3159 507 3228 propterea
521 3157 593 3227 quod
607 3170 659 3208 αοο
673 3155 709 3208 rit
722 3153 768 3226 qui
780 3151 901 3224 adjuvet,
913 3153 1015 3226 quippe
1029 3170 1116 3225 quum
1130 3171 1202 3209 unus
1216 3153 1271 3220 ille,

173 3229 221 3304 qui
234 3231 374 3305 potuisset
386 3233 472 3288 etiam
486 3231 590 3289 talibus
604 3231 634 3287 in
647 3231 717 3288 locis
731 3231 771 3287 illi
785 3232 926 3306 opitulari,
939 3233 1030 3305 ipsum
1045 3231 1225 3298 deseruisset,
1240 3241 1272 3289 ut

172 3309 305 3367 videlicet
322 3310 431 3368 illustre
452 3311 521 3368 illud
541 3311 730 3385 eximiumque
751 3311 903 3383 incoeptum
926 3310 1028 3384 illaque
1049 3310 1200 3384 singularis
1220 3313 1270 3367 ad-

171 3407 271 3446 versus
284 3408 383 3447 omnes
398 3391 518 3448 victoria
530 3399 664 3465 tanquam
686 3389 801 3466 propriu
819 3390 907 3464 ipsius
928 3389 1002 3463 apud
1021 3407 1120 3445 omnes
1135 3389 1271 3463 praedicu-

172 3477 258 3526 retur.
300 3470 400 3545 Itaque
421 3489 508 3544 quum
526 3471 573 3528 ille
587 3470 635 3546 qui
649 3488 721 3526 unus
735 3469 790 3544 ipsi
803 3468 908 3525 auxilio
922 3487 984 3525 esse
1002 3476 1114 3542 poterat
1127 3479 1195 3524 tunc
1217 3469 1270 3542 ipsi

172 3549 286 3622 adjutor
312 3568 370 3606 uon
402 3561 486 3615 esset,
516 3550 616 3608 merito
640 3551 669 3606 iu
697 3549 760 3624 ipso
782 3549 862 3605 initio
886 3548 925 3605 ait
949 3547 1027 3613 illud,
1051 3547 1103 3605 liti
1125 3548 1177 3604 Eli
1199 3547 1270 3606 lema

172 3629 360 3696 sabachthani,
380 3631 431 3686 boc
451 3639 500 3695 est,
516 3631 597 3686 Deus
614 3648 697 3695 meus,
715 3628 794 3686 Deus
815 3648 888 3686 meur
909 3645 994 3704 ηνανε
1014 3646 1056 3684 me
1077 3627 1269 3698 dereliquisti?

172 3708 251 3766 Nam
272 3728 358 3783 quum
377 3709 453 3766 idem
474 3710 676 3784 conciperetur,
691 3717 721 3766 et
739 3709 768 3764 in
789 3716 906 3765 uteros
926 3716 1024 3764 sanctu
1044 3707 1154 3782 virgine
1173 3716 1268 3781 gesta·

172 3796 260 3852 retnr,
275 3797 343 3846 tuno
364 3790 477 3864 quidem
498 3798 615 3865 paterna
628 3789 671 3846 vis
691 3807 756 3846 cum
773 3789 835 3863 ipso
849 3797 918 3853 erat,
933 3807 989 3861 quo
1003 3794 1130 3860 ternpore
1146 3787 1269 3861 Spiritus

172 3876 287 3926 sanctus
301 3868 404 3944 virgini
418 3869 590 3945 supervenit,
604 3877 634 3926 et
647 3869 737 3925 virtus
751 3868 880 3926 altissimi
895 3867 1074 3924 obumbravit
1088 3865 1137 3931 illi,
1153 3867 1268 3941 ipseque

172 3957 254 4024 pater
267 3967 332 4005 cum
347 3950 395 4024 qui
409 3949 589 4025 gignebatur,
605 3949 677 4006 sicut
691 3949 834 4006 oraculum
849 3947 991 4010 indicavit,
1006 3947 1042 4002 de
1055 3954 1154 4002 ventre
1171 3947 1269 4003 matris

172 4029 307 4096 extraxit,
317 4047 401 4103 quum
417 4038 512 4088 autem
528 4030 580 4086 snb
591 4030 683 4105 ipsum
698 4028 836 4102 passionis
844 4037 956 4101 tempus
969 4026 1005 4083 ad
1019 4026 1123 4083 luctam
1135 4027 1269 4084 adversus

172 4117 295 4166 mortem
309 4118 542 4190 exueretur,.non
556 4110 624 4166 item
638 4108 678 4165 illi
692 4116 759 4164 tunc
774 4115 834 4164 erat
847 4107 969 4181 adjutor.
997 4106 1063 4180 Ego
1076 4125 1198 4182 numque
1214 4107 1268 4163 lroc

171 4189 264 4264 ipsum
285 4189 325 4245 illi
349 4190 512 4247 testificanti
529 4189 632 4246 credo:
663 4207 729 4244 nam
750 4187 828 4254 illud.
853 4189 899 4243 Eli
924 4187 971 4242 Eli
991 4187 1061 4243 temo
1081 4187 1268 4254 rubccdtiuni,

172 4269 249 4344 quod
263 4268 298 4325 ab
313 4269 374 4343 ipso
388 4269 417 4326 in
431 4289 514 4327 cruce
528 4269 633 4327 dictum
648 4277 700 4332 est,
714 4285 825 4325 necnon
839 4285 856 4324 a
871 4267 982 4323 Psalmo
1002 4267 1165 4341 prophetice
1179 4284 1267 4322 enun-

213 4383 281 4422 von.
297 4384 333 4424 11.
700 4382 717 4438 3
735 4383 750 4420 u
