3120 4716
266 237 331 300 aas
715 185 902 304 uusunn
1348 253 1512 324 u-470-

265 403 379 474 πάσιν
407 397 503 480 ὅπως
527 399 564 474 ἐν
593 399 688 503 αὐτῷ
713 396 904 497 εὐδόκησεν
932 402 952 478 ό
976 401 1106 502 πατὴρ,
1125 399 1166 477 ῑό
1185 404 1242 478 καὶ
1261 399 1367 482 αὐτὸς

267 522 424 600 διδάσκει
449 521 577 622 λέγων,
596 523 724 615 ἐλέησόν
745 561 791 627 με
819 537 877 604 καὶ
903 524 1084 618 ἀνάστησίν
1103 561 1157 630 με,
1180 535 1239 605 καὶ
1258 533 1395 604 cinca-c

268 642 410 726 ποάιίσω
433 651 555 731 αὐτοῖς.
597 653 650 724 Ἐν
675 647 775 756 τούτῳ
801 649 897 748 ίγνων
920 649 968 728 ότι
994 647 1174 742 τεθίληιιαίς
1193 687 1247 752 με,
1267 656 1314 730 ’ότι
1335 655 1368 729 οὐ

267 769 314 874 μδ
348 775 493 878 ἑπιχαρῇ
521 781 535 852 ὁ
570 772 677 876 ἐχθρός
706 811 770 876 μιν
801 777 853 852 ἐπ’
881 777 965 878 ἐμοί.
1024 775 1172 856 Τούτοις
1205 775 1368 874 ἐπιλέγει,

228 899 344 998 ιοὲμιῦ
368 892 402 974 δὲ
428 892 486 975 tii
504 895 555 986 nin
574 901 729 976 ἀκακίαν
747 901 945 990 ἀντελάβιο.
1008 903 1078 976 Καὶ
1102 897 1200 1000 τήρει
1224 933 1265 998 γε
1289 899 1392 982 τίνας

267 1020 402 1122 τρόπεον
420 1025 515 1126 αὐτῷ
533 1030 584 1127 τῷ
603 1029 685 1129 Θεῷ
708 1027 765 1101 καὶ
788 1027 897 1124 πατρὶ
923 1024 1030 1102 αὐτοῦ
1055 1024 1120 1121 τὴν
1145 1025 1252 1126 εὐχὴν
1277 1027 1362 1101 ἀνα·

267 1142 418 1242 πέμπων
438 1151 495 1226 ἐπὶ
528 1149 687 1251 τοσαύτῃ
714 1146 906 1248 τεθάρρηκε
932 1151 1116 1254 παρρησίᾳ
1145 1153 1193 1231 ὡς
1220 1152 1369 1228 ἀκακίαν

268 1273 380 1378 ἑαυτῷ
403 1279 602 1374 μαρτυρεῖν,
621 1274 734 1352 καίτοι
755 1275 918 1375 ἀνωτέρω
944 1273 1078 1377 φήσας,
1098 1279 1197 1353 ἴασαι
1222 1274 1274 1362 τὴν
1293 1268 1368 1379 δν,-

268 1401 329 1492 χὴν
355 1433 429 1499 μιν,
453 1398 501 1475 ότι
530 1401 669 1500 ἥμαρτίν
695 1434 758 1476 σοι.
818 1398 941 1476 Ἀλλὰ
966 1398 1007 1476 τὸ
1033 1398 1122 1494 ”niv
1147 1402 1286 1502 ἥμαρτίν
1315 1435 1367 1477 σοι
1383 1435 1412 1468 ιο

227 1555 259 1602 3⁹
269 1523 391 1605 ὁποίας
423 1523 538 1625 ἔχεται
575 1525 729 1604 διανοίας
763 1523 1083 1626 προδιειλήφαμεν,
1121 1530 1178 1602 καὶ
1211 1526 1231 1601 ὁ
1264 1525 1401 1620 {sip-d

267 1680 382 1750 μαχος
419 1647 457 1725 δὲ
489 1647 718 1754 σαφέστερον
752 1646 981 1748 παρέστησεν
1015 1647 1136 1744 εἰπὼν,
1177 1651 1277 1728 ἴασαι
1316 1648 1369 1741 rin

266 1767 385 1878 ψυχήν
413 1810 487 1875 μιν,
511 1781 569 1852 καὶ
601 1782 627 1852 ei
657 1776 797 1878 ἥμαρτέν
826 1810 888 1869 σοι,
917 1771 937 1851 δ
966 1776 1023 1852 καὶ
1056 1773 1142 1853 αὐτὸ
1172 1774 1301 1876 λέγοιτ’
1322 1774 1367 1852 ἀν

265 1903 345 2001 περὶ
375 1906 446 1978 τῶν
478 1899 656 2001 ἡμετέρων
684 1900 956 2000 ἁμαρτημάτων,
984 1897 1076 2001 ἅπερ
1104 1901 1123 1977 ό
1154 1899 1280 1998 Σωτὴρ
1308 1901 1366 1977 καὶ

226 2055 258 2100 ιο
269 2025 399 2126 Κύριος
418 2026 518 2123 ἡμῶν
536 2032 583 2108 είς
600 2023 724 2103 ἑαυτὸν
748 2025 947 2130 ἀνεδέξατο.
996 2025 1051 2104 Τὸ
1076 2024 1123 2119 δέ,
1143 2027 1223 2129 ἐμοῦ
1246 2021 1282 2105 δι’
1307 2023 1390 2104 elicis

266 2147 319 2240 rin
350 2154 505 2230 ἀκακίαν
533 2153 734 2241 ἀντελάβιυ,
761 2149 826 2248 τὴν
853 2153 895 2229 δι’
926 2150 1013 2229 ὅλον
1043 2148 1269 2249 καθαρότητα
1301 2154 1366 2246 τῆς

265 2275 374 2352 αὐτοῦ
404 2274 548 2377 φύσεως
579 2275 789 2376 παρίστησι,
824 2277 866 2354 δι’
896 2275 941 2375 ἣν
974 2280 1032 2354 καὶ
1063 2275 1105 2354 τὸ
1138 2278 1276 2377 ἑδραῖον
1308 2282 1366 2353 καὶ

263 2399 435 2478 ἀσειστον
458 2404 520 2498 τῆς
543 2399 630 2502 ζωῆς
653 2405 711 2478 καὶ
737 2406 801 2498 τῆς
825 2400 915 2498 μετὰ
938 2401 1003 2498 τὴν
1028 2399 1231 2480 ἀνάστασιν
1255 2403 1363 2479 αύτοῡ

264 2527 445 2625 σωτηρίας
468 2525 648 2604 διδάσκων
670 2526 835 2626 ἐπιλέγει,
857 2537 916 2605 καὶ
937 2529 1155 2628 ἑβεβαίωτάς
1173 2563 1219 2630 με
1239 2527 1365 2606 inaniis
1378 2565 1407 2600 ιο

265 2689 324 2731 τοο
353 2662 397 2737 είς
426 2655 476 2734 τόν
506 2653 619 2732 nidva·
649 2652 677 2748 i,
698 2663 758 2732 nai
778 2659 1009 2758 παραστήσας
1037 2689 1082 2754 με
1112 2650 1288 2756 ἔμπροσθέν
1307 2687 1364 2728 τοο

266 2773 304 2855 δι’
319 2777 443 2873 uicinos,
463 2777 553 2856 κατά
571 2777 634 2855 τὸν
654 2779 861 2880 Σύμμαχον.

495 2946 637 3018 ιδς]δΡ.
734 2944 917 3017 ιΙρε“ν]ἡμε“ν
932 2945 959 2999 S.
975 2946 992 2999 i.
1004 2963 1027 2998 e.
1043 2945 1065 2998 εἶ
1077 2946 1133 3015 μέν.

264 3071 370 3134 dicens,
387 3072 514 3128 Miserere
533 3074 593 3135 urei,
609 3080 635 3128 et
653 3075 752 3128 suscito
767 3091 817 3136 me.
833 3080 860 3127 et
874 3073 1018 3128 retribuam
1038 3073 1083 3127 eis.
1125 3073 1158 3126 In
1181 3072 1230 3127 icoc
1251 3073 1362 3145 copncui

264 3153 335 3223 quoti
349 3153 459 3206 notuisti
473 3171 523 3214 me,
540 3155 608 3223 qnod
622 3171 676 3208 non
696 3153 825 3227 pntedebit
840 3152 962 3208 inimicus
975 3169 1046 3208 nuens
1058 3169 1141 3224 super
1154 3169 1206 3207 me.
1249 3150 1362 3206 Deinde

264 3231 403 3304 adjungit,
420 3231 468 3285 Me
487 3240 576 3287 autem
596 3240 709 3304 propter
726 3232 904 3288 innocentium
924 3231 1074 3302 suscepisti.
1118 3229 1246 3286 Attende
1268 3240 1362 3286 autem

264 3329 385 3384 quonam
402 3320 485 3385 pacto
499 3311 551 3384 ipsi
567 3313 628 3367 Deo
642 3321 671 3368 et
687 3312 760 3386 patri
778 3329 830 3366 suo
850 3311 1009 3385 supplicans
1029 3319 1110 3366 tanta
1123 3318 1220 3366 utatur
1233 3310 1363 3366 libertate

264 3391 406 3464 loquendi,
422 3401 453 3447 nt
475 3391 527 3447 sibi
548 3392 601 3466 ipsi
623 3391 791 3448 innocentius
805 3390 1000 3447 testimonium
1022 3389 1166 3456 exhibeat,
1181 3390 1294 3446 tametsi
1316 3409 1362 3446 su-

265 3473 360 3545 penius
374 3471 454 3533 dixit.
471 3472 547 3528 Sana
561 3474 681 3528 unimam
696 3491 781 3528 nicom
796 3473 859 3545 ηιιὶα
871 3471 981 3544 peccaui
994 3471 1051 3526 tibi.
1094 3467 1151 3526 Sed
1166 3469 1235 3525 illud
1250 3470 1363 3544 quidepu

259 3553 372 3625 peccnui
393 3552 442 3606 tibi
463 3570 518 3624 quo
539 3571 623 3607 sensu
642 3552 679 3607 sit
696 3551 889 3624 accipiendum
904 3560 987 3606 antea
1008 3549 1121 3622 planum
1144 3549 1270 3614 fecimus.
1286 3549 1363 3623 quod

178 3632 181 3640 ’
265 3631 453 3705 Symmachus
466 3632 748 3705 apertiusexposuit,
764 3649 850 3704 quum
873 3630 953 3692 dixit.
969 3629 1045 3686 Sana
1066 3631 1184 3684 antimum
1206 3647 1294 3685 meum
1314 3631 1364 3684 eici

261 3711 372 3785 peccavi
386 3712 453 3766 tihi:
476 3712 551 3784 qnod
566 3729 634 3767 sane
648 3712 739 3784 ipsum
755 3710 839 3766 etiam
861 3710 895 3764 de
915 3709 1037 3783 peccatis
1057 3709 1162 3764 nostris
1183 3709 1238 3764 dici
1259 3715 1363 3781 potest,

265 3811 326 3863 quae
342 3791 472 3846 Salvator
486 3809 518 3846 nc
533 3791 671 3846 Dominus
691 3799 790 3846 noster
808 3791 837 3845 in
856 3789 979 3862 seipsum
995 3789 1127 3862 suscepit.
1172 3787 1245 3844 Illud
1267 3798 1364 3843 autem

266 3872 314 3926 Me
338 3879 430 3926 nutem
450 3879 562 3944 propter
586 3871 766 3926 innocentiam
790 3873 926 3944 suscepisti
950 3870 1101 3942 puritatem
1129 3877 1237 3924 nuturae
1266 3867 1363 3941 ipsius,

265 3969 347 4020 quam
363 3959 452 4005 totam
469 3951 640 4025 possidebat,
655 3951 842 4014 demonstrat,
852 3969 888 4005 ex
903 3969 958 4024 qua
972 3949 1093 4023 puritate
1108 3948 1193 4004 vitam
1209 3966 1320 4020 quoque
1335 3957 1365 4003 et

265 4029 383 4083 salutem
406 4030 534 4085 stabilem
556 4041 640 4103 atque
661 4031 856 4086 inconcussam
880 4039 944 4102 post
965 4029 1087 4086 reditum
1112 4027 1199 4101 ipsius
1221 4027 1364 4084 advitam

265 4123 410 4176 exponens
425 4109 563 4181 adjungit,
579 4111 620 4165 Et
641 4111 804 4182 confirmasti
824 4129 866 4166 me
885 4113 912 4164 in
936 4116 1078 4182 conspeetu
1099 4117 1147 4163 tuo
1165 4110 1193 4163 in
1211 4116 1362 4163 oetemnnt:

253 4192 313 4310 usuc
334 4182 422 4312 alite?
439 4193 465 4238 et
486 4189 631 4242 constitues
652 4207 693 4243 nie
713 4197 776 4243 unte
797 4197 823 4243 te
844 4192 1025 4251 maternum,
1047 4197 1078 4244 ut
1097 4187 1299 4261 interpretatus
1320 4195 1365 4242 est

253 4297 256 4305 ·
289 4277 397 4314 Vinmss?
420 4277 460 4313 us.
701 4286 703 4290 ’
