3142 4720
255 245 320 307 578
706 245 890 310 EUSEBII
1336 264 1367 326 p.
1380 242 1441 320 287
1455 277 1501 288 —

255 412 313 489 ἐπὶ
340 408 404 493 τὰς
430 411 676 494 ἀποστολικὰς
703 416 766 509 τῆς
795 411 1027 490 καλλιελαίου
1054 409 1151 513 ῥίζας
1176 409 1266 506 μετὰ
1290 409 1355 507 τὴν

255 541 328 614 τῶν
344 537 527 638 προτέρων
544 535 688 616 κλάδων
707 536 867 636 ἐκτομὴν,
883 535 1006 639 ὥσπερ
1026 538 1089 615 οὖν
1108 537 1128 615 ὁ
1147 533 1378 620 ἀπόστολυςε

254 661 418 758 παιδεύει,
448 666 506 741 καὶ
537 661 782 768 κατεφύτευσέ
805 698 846 765 γε
879 661 990 762 αὐτὴν
1018 665 1038 741 ὁ
1069 661 1201 764 Κύριος
1228 663 1353 766 ἑαυτῷ,

255 791 444 892 μονονουχὶ
472 787 531 868 διὰ
558 793 621 887 τῆς
653 791 872 894 προφητείας
902 789 1032 891 λε’γων,
1058 792 1203 869 Ἐλαίαν
1234 792 1355 892 ὡραίαν

219 947 247 998 ¹9
257 912 381 992 εὔσκιον
398 912 542 994 ἐκάλεσε
558 913 670 1020 Κύριος
689 913 724 995 ri
743 916 847 1018 ὄνομα
866 951 935 996 σιν.
966 915 1068 994 Ἐπεὶ
1085 913 1158 1017 γὰρ
1176 915 1196 994 ὁ
1214 921 1356 1016 πρῶτος

254 1040 426 1138 ἀμπελὼν
454 1040 533 1120 δέον
559 1039 698 1133 ποιῆσαι
727 1038 908 1145 σταφυλῖμ
936 1042 1085 1132 ἐποίησεν
1112 1037 1278 1130 οἰνάνθας,
1297 1043 1356 1118 καὶ
1366 1079 1398 1114 10

254 1167 295 1245 οὐ
319 1165 547 1265 δικαιοσύνην
571 1164 672 1244 ἀλλὰ
696 1163 866 1267 κραυγὴν,
884 1165 1026 1250 εἰκότως
1052 1169 1100 1250 ὧς
1122 1164 1166 1244 ἂν
1193 1164 1356 1268 ἀκάρπου

254 1293 362 1372 αὐτοῦ
385 1290 547 1372 καθελὼν
565 1294 586 1372 ὁ
604 1290 697 1375 Θεὸς
715 1289 778 1372 τὸν
796 1291 966 1397 φραγμὸν
983 1294 1091 1373 αι’ποῦ
1116 1297 1175 1372 καὶ
1193 1293 1258 1373 τὸν
1274 1301 1352 1373 τοῖ-

252 1453 320 1524 χον
337 1420 456 1516 αὐτοῦ,
469 1418 648 1523 παραδούς
662 1453 701 1499 τε
719 1418 827 1498 αὐτὸν
845 1426 919 1504 τοῖς
932 1423 1072 1524 ἐχθροῖς
1086 1429 1131 1506 εἰς
1147 1417 1352 1528 διαρπαγὴν,

255 1555 314 1626 καὶ
347 1548 598 1642 navandum,
627 1545 720 1625 κατὰ
746 1545 812 1645 τὴν
839 1553 903 1627 τοῦ
930 1545 1089 1626 Ἡσαΐου
1122 1547 1394 1653 προφητείαν,ρ.
1408 1563 1475 1624 288

252 1672 371 1775 ἕτερον
398 1670 517 1756 Ῑαύτδς
544 1675 657 1778 ἑαυτῷ
682 1669 797 1774 ἀγρὸν
825 1672 1089 1771 συνεστήσατο,
1113 1672 1178 1753 τὸν
1202 1674 1259 1752 ε’πὶ
1288 1681 1354 1752 τοῦ

251 1795 428 1900 παρόντος
442 1801 594 1877 ε’λαιῶνα
608 1796 874 1899 ὀνομαζόμενον,
886 1797 948 1878 ἅτε
962 1807 1026 1877 τοῦ
1039 1801 1078 1877 ἐκ
1093 1803 1189 1878 θεοῦ
1203 1798 1354 1881 ΙΙἐ’λέους

250 1921 477 2028 τετυχηκότα,
496 1923 661 2026 καὶπρὸς
679 1932 742 2004 τοῦ
760 1930 926 2027 Χριστοῦ
948 1922 1258 2028 καταφυτευθέντα
1274 1926 1376 2003 ἀει-5

252 2049 382 2131 θαλέσι
415 2056 549 2155 φυτοῖς,
579 2053 671 2130 τοῦτ’
702 2050 782 2130 ἔστι
814 2055 952 2156 ψυχαῖς
986 2050 1104 2151 ἁγίαις
1136 2052 1195 2129 καὶ
1233 2049 1354 2155 φωτὸς

252 2182 463 2279 θρεπτικαῖς,
482 2176 570 2259 οἰίιις
599 2209 638 2256 τε
664 2175 812 2277 “λε’γειν,
837 2173 906 2277 ε’γδ
935 2173 969 2256 δὲ
999 2181 1075 2257 ὡσεὶ
1105 2178 1211 2256 ἐλαία
1241 2177 1352 2256 καταί-

213 2338 388 2409 ιοιιαρποτ
408 2305 437 2382 ἐν
455 2312 502 2410 τῷ
520 2303 599 2409 οἴκῳ
616 2304 672 2382 τοῦ
692 2304 787 2382 ond.
844 2307 964 2382 Τοῦτο
990 2301 1027 2382 δὲ
1054 2301 1097 2381 τὸ
1125 2308 1198 2380 τῶν
1225 2304 1355 2380 ἐλαιῶν

255 2427 337 2530 ὅρος
352 2427 534 2507 κατέναντι
548 2432 611 2526 τῆς
621 2427 862 2530 Ἰερουσαλὴμ
875 2425 964 2508 εἶναι
978 2425 1154 2522 λέλεκται,
1166 2425 1353 2530 ἐπειδήπερ
1365 2471 1396 2504 ιο

253 2556 332 2634 ἀντὶ
350 2557 413 2653 τῆς
430 2561 586 2638 παλαιᾶς
604 2555 758 2655 ἐπιγείου
775 2553 1027 2657 Ἰερουσαλὴμ,
1044 2557 1103 2634 καὶ
1121 2559 1184 2652 τῆς
1202 2556 1240 2634 ε’ν
1261 2554 1352 2660 αὐτῇ

254 2682 454 2784 θρησκείας,
473 2681 632 2780 συνεστη
650 2687 702 2785 τῷ
725 2685 809 2788 Θεῷ
831 2680 923 2779 μετὰ
947 2679 1013 2780 τὴν
1031 2685 1094 2779 τῆς
1111 2678 1383 2784 Ἱερουσαλὴμὴ

254 2811 471 2910 καθαίρεσιν.
532 2806 661 2905 Φήσας
689 2815 776 2906 γοῦν
804 2807 968 2910 ἀναπερω
999 2809 1018 2884 ὁ
1048 2806 1157 2907 λόγος
1182 2810 1263 2909 περὶ
1290 2811 1353 2907 τῆς

375 2961 490 3037 1αὐτὸν]
508 2967 584 3022 αὐτὸς
598 2967 630 3020 Ρ.
717 2974 741 3006 ¹¹¹
756 2965 832 3020 ε’λέου
848 2965 878 3020 Ρ.
966 2965 1082 3038 nui-sea]
1099 2967 1186 3038 λέγειν
1201 2966 1231 3020 P.

254 3093 415 3170 apostolicis
429 3093 512 3150 bonae
526 3092 607 3151 olivae
621 3093 762 3152 radicibus
783 3103 847 3168 post
866 3094 991 3169 priorum
1011 3113 1155 3151 ramorum
1169 3094 1352 3160 excisionem,

253 3173 491 3249 quemadmodum
513 3175 658 3247 apostolus
679 3175 780 3231 docet:
803 3183 832 3231 et
846 3175 984 3249 plantavit
1001 3174 1118 3249 (inquit)
1136 3193 1199 3231 eam
1213 3175 1353 3231 Dominus

254 3253 370 3328 sibiipsi,
385 3255 591 3327 propemodum
612 3273 663 3328 per
682 3255 858 3329 prophetiam
880 3255 988 3319 dicens,
1005 3255 1112 3311 Olivam
1128 3258 1274 3330 speciosum
1293 3275 1351 3312 um-

255 3337 359 3392 brorum
379 3336 483 3390 uocauit
500 3334 636 3390 Dominus
656 3353 752 3392 nomen
774 3344 859 3392 ιυυυι.
902 3337 1056 3410 Postquam
1075 3335 1150 3392 enim
1170 3336 1248 3410 prior
1261 3335 1353 3400 vinea,

146 3457 154 3479 ,
175 3454 180 3468 ·
254 3433 335 3491 quum
349 3413 563 3488 deberetsacere
576 3434 665 3480 unam.
673 3415 748 3490 fecit
757 3417 859 3491 τρίπον,
869 3435 961 3490 neque
972 3417 1112 3491 justitiam
1127 3417 1177 3473 sed
1192 3415 1353 3481 clamorem,

253 3496 356 3554 merito
372 3503 506 3570 tanquam
528 3497 590 3571 ejus
611 3515 673 3570 quae
694 3495 869 3552 infructuosa
889 3505 965 3554 esset
986 3515 1082 3571 sepem
1099 3495 1229 3553 auferens
1248 3515 1282 3552 ao
1302 3515 1352 3570 pa-

252 3579 351 3636 rietem
363 3577 451 3643 Deus,
460 3577 630 3652 tradensque
641 3595 702 3634 eam
719 3576 838 3633 inimicis
853 3579 889 3632 od
903 3578 1080 3652 diripiendum
1094 3584 1120 3632 et
1131 3577 1353 3640 conculcandum,

253 3659 326 3716 sieut
340 3659 370 3714 in
385 3659 475 3715 Esaiae
490 3657 638 3732 prophetia
652 3657 758 3714 dietum
773 3665 826 3725 est,
841 3657 927 3714 aliurn
942 3658 1002 3732 ipse
1016 3656 1069 3713 sibi
1087 3675 1187 3732 agrum
1207 3656 1354 3712 constituit

253 3739 283 3795 in
298 3739 439 3814 praesenti,
454 3738 530 3813 quod
543 3738 678 3796 olivetum
691 3737 865 3802 nominatur,
880 3740 960 3812 quasi
974 3755 1039 3795 eum
1054 3738 1101 3811 qui
1115 3737 1208 3794 oleum
1225 3745 1255 3793 et
1269 3737 1353 3793 mise·

254 3818 402 3874 ricordiam
417 3836 434 3873 a
449 3819 512 3874 Deo
527 3818 564 3875 sit
578 3826 756 3882 consecutus,
771 3829 801 3874 et
815 3836 832 3873 a
851 3817 967 3875 Christo
988 3817 1091 3893 plantis
1112 3835 1224 3892 semper
1237 3817 1353 3874 virenti-

254 3898 307 3953 bus
322 3897 458 3963 consitus,
473 3898 528 3954 hoo
542 3907 595 3964 est,
611 3899 716 3955 sancfis
729 3898 855 3971 lucisque
869 3899 1012 3956 altricibus
1026 3898 1137 3961 animis,
1152 3899 1253 3972 quibua
1271 3899 1354 3954 licent

256 3977 357 4041 dicere,
371 3977 436 4051 Epo
450 3987 540 4034 nutem
554 3982 622 4037 sicut
636 3979 708 4036 olive
721 3978 875 4052 sructffera
895 3981 923 4035 iu
946 3980 1024 4036 domo
1041 3981 1105 4035 Dei.
1150 3978 1206 4034 Hie
1219 3997 1288 4035 vero
1302 3977 1353 4033 oli-

256 4075 354 4114 varum
369 4075 451 4113 mons
465 4065 565 4114 contra
574 4059 754 4116 Hiemsalem
768 4059 952 4124 essedicitur,
964 4059 1096 4133 quoniam
1108 4058 1242 4115 inlocum
1250 4058 1354 4116 veteris

256 4144 429 4212 aolterrenae
452 4136 638 4202 Hierusalem,
661 4157 695 4195 ao
717 4139 872 4214 religionis,
890 4159 952 4213 quoe
972 4139 1000 4196 in
1021 4139 1070 4194 illa
1091 4139 1265 4205 servabatur,
1289 4157 1352 4195 snc-

256 4215 341 4272 cessit
366 4222 394 4271 et
418 4233 435 4270 a
459 4215 521 4270 Deo
545 4218 715 4274 constitutus
743 4227 787 4274 est
814 4228 879 4293 post
906 4221 1015 4275 ruinam
1045 4218 1244 4276 Hierusalem:
1268 4237 1354 4293 quum

258 4312 342 4367 supra
363 4293 449 4367 igitur
471 4293 613 4349 oraculum
636 4297 739 4351 dixerit
760 4298 795 4352 de
812 4297 998 4362 Hierusalem,
1012 4302 1084 4371 quod
1105 4301 1201 4356 civiter
1221 4303 1353 4372 capietur,
