3142 4720
56 263 188 334 -279·
443 259 670 324 DEMONST.
696 259 864 324 EVANG.
891 263 947 323 VI.
969 277 1017 343 15.
1235 256 1296 320 561

198 415 514 516 γνωσθησόμενος,
537 424 595 498 καὶ
622 417 713 498 κατὰ
741 417 804 496 τὸν
831 414 1141 523 προφητευόμενον
1169 414 1299 518 χρόνον

198 544 554 646 ἀναδειχθησόμενος,
588 543 611 644 ἢ
645 547 666 622 d
702 542 807 626 αὐτὸς
838 545 967 626 ἐκεῖνος
999 543 1019 620 ὁ
1056 543 1339 643 προδηλωθεὶςρ.
1352 567 1413 637 279

199 667 359 772 δεύτερος
377 676 449 748 τῶν
468 669 565 750 ὅλων
586 668 728 772 Κύριος,
747 672 767 746 ὁ
786 672 907 772 καὶτῇ
932 666 1128 771 προρρήσει
1148 664 1299 745 ἀκολού-

198 798 270 876 θως
297 798 356 874 ἐπὶ
383 799 572 903 συντελείᾳ
599 802 671 875 τῶν
696 797 835 875 αἰώνων
864 802 911 878 εὶς
940 792 1158 901 ἐξάκουστον
1185 800 1299 872 πᾶσιν

198 918 399 1021 ἀνθρώποις
418 923 603 1024 κηρυχθείς
619 953 629 1016 ;
661 919 802 1000 Τούτου
820 919 865 1019 δὴ
884 922 946 999 οὖν
965 918 1010 998 τὰ
1032 917 1244 1020 ἀνάγραπτα
1262 921 1322 1010 ε’νη

197 1051 270 1128 τοῖς
290 1051 395 1148 ἱεροῖς
414 1048 633 1148 εὐαγγελίοις
657 1048 755 1148 ἔργα,
773 1044 839 1146 τὴν
861 1051 899 1126 ἐκ
926 1045 1104 1149 παρθένου
1132 1044 1299 1144 δηλονότι

200 1171 241 1250 οὗ
268 1174 440 1280 ἀνείληφε
467 1172 623 1272 σκήνους
650 1173 802 1276 γε’νεσιν,
830 1179 888 1253 καὶ
914 1177 990 1257 θὼς
1018 1183 1046 1251 ἐν
1075 1175 1188 1280 μορφῇ
1214 1174 1299 1250 Θεοῦ

199 1299 370 1404 ὑπάρχων,
394 1305 456 1398 οὐχ
479 1302 667 1408 mayoli
687 1305 833 1402 ηγησιιτι
854 1298 1069 1378 visitationi
1089 1307 1176 1404 Θεῷ,
1197 1297 1299 1376 ἄλλοι

199 1423 312 1505 iamir
339 1425 473 1505 ἐκίνησε
501 1423 646 1530 μορφὴν
673 1427 805 1506 δούλου
833 1423 970 1523 λαβὼν,
989 1425 1052 1507 τάς
1076 1459 1113 1503 τε
1139 1427 1295 1502 ε’πιτελε-
1312 1459 1340 1492 ιο

198 1550 352 1634 σθείσας
382 1553 477 1658 αὐτῷ
511 1558 560 1634 είς
592 1551 801 1654 ἀνθρώπους
832 1547 1134 1656 παραδοξοποιΐας
1165 1551 1222 1626 καὶ
1254 1547 1300 1626 τὰ

199 1676 275 1753 κατ’
295 1677 404 1754 αὐτοῦ
430 1708 472 1775 γε
497 1675 743 1774 τετολμημένα
766 1681 817 1780 τῷ
833 1673 1014 1752 Ἰουδαίων
1038 1671 1128 1749 ἔθνει
1147 1676 1220 1752 τοῖς
1237 1673 1328 1766 τῆνο

198 1804 324 1904 ψυχῆς
347 1803 551 1906 ὀφθαλμοῖς
578 1798 853 1902 προλαβὼν,τᾶ
880 1832 917 1878 τε
944 1799 1128 1896 μέλλοντα
1155 1794 1299 1894 συμβή-

197 1932 334 2006 σεσθαι
365 1924 639 2027 κεκαθαρμέναις
669 1933 746 2010 ταῖς
781 1925 947 2007 διανοίαις
977 1922 1076 2025 παρὰ
1104 1931 1168 2000 τοῦ
1201 1922 1299 2001 διδά-

197 2084 354 2135 σκοντος
390 2049 498 2131 αὐτὸν
534 2055 629 2132 θείου
666 2051 866 2148 πνεύματος
902 2049 1036 2146 μαθὼν,
1073 2052 1241 2146 ἐκστῆναι
1278 2050 1321 2132 ds

196 2173 388 2281 προφήτης
406 2178 463 2256 ε’πὶ
483 2182 556 2258 τοῖς
575 2178 783 2256 ἀκουσθεῖσι
802 2176 861 2252 καὶ
878 2176 1112 2275 πεφοβῆσθαι
1131 2173 1304 2273 ὁμολογεῖ

196 2301 364 2408 φάσκων,
385 2303 490 2408 Κύριε,
518 2303 704 2395 sicaniam
732 2301 785 2394 την
812 2303 911 2394 duait
938 2336 1009 2389 σου,
1038 2306 1097 2380 καὶ
1127 2297 1297 2403 ἐφοβήθην·

173 2429 304 2534 οΚίριι,
328 2435 511 2522 κατενόησα
528 2428 575 2508 τὸ
594 2430 676 2538 ἔργα
696 2465 765 2517 σου,
790 2433 849 2506 καί
869 2425 1005 2532 ἐξέστην.
1043 2426 1091 2503 'O
1112 2423 1239 2526 Σωτὴρ
1258 2422 1297 2502 δὲ

196 2557 257 2632 καὶ
278 2552 410 2656 Κύριος
425 2555 525 2653 ἡμῶν
544 2552 650 2639 αὐτὸς
668 2555 770 2637 οὗτος
788 2555 808 2630 ὁ
826 2561 889 2632 τοῦ
906 2557 1001 2631 Θεοῦ
1016 2551 1134 2652 Λόγος
1153 2551 1182 2630 ἓν
1199 2552 1295 2657 με’σιρ
1307 2593 1337 2628 ιο

195 2675 254 2758 aiio
280 2677 368 2786 ζαίίν
395 2678 545 2781 ἐγνώσθη·
574 2686 821 2779 πληθυντικῶς
848 2681 997 2756 ἐνταῦθα
1026 2681 1083 2754 καὶ
1110 2709 1295 2778 περισπω-

574 2876 590 2920 ἔ
604 2863 652 2936 ὥς]
669 2862 697 2919 ὃς
713 2864 743 2917 Ρ.
759 2871 790 2916 ut
803 2863 875 2934 vulg.
894 2863 923 2916 S.

197 3025 250 3082 per
263 3007 292 3063 id
306 3015 418 3081 tempus
432 3008 468 3064 de
483 3026 539 3081 quo
561 3008 711 3082 prophetia
723 3007 848 3082 loquitur
861 3006 1063 3064 declarandus:
1086 3005 1156 3081 quis,
1173 3005 1296 3081 iuquam,

197 3087 245 3144 hic
259 3087 306 3152 sit,
320 3087 374 3144 nisi
389 3087 435 3144 illa
449 3087 509 3162 ipse
524 3087 570 3161 qui
584 3097 668 3144 autea
681 3086 773 3144 dictus
787 3095 832 3144 est
842 3087 964 3145 universi
975 3086 1135 3144 Dominus?
1151 3087 1198 3161 qui
1212 3087 1298 3143 etiam

198 3167 254 3223 hoc
268 3167 453 3242 comprobato
468 3167 600 3224 vaticinio
615 3167 643 3223 iu
661 3167 904 3224 consummatione
918 3167 1084 3225 saeculorum
1100 3168 1139 3224 ita
1153 3168 1298 3224 nuntiatus

198 3255 243 3304 est
257 3267 290 3304 sc
305 3247 481 3322 praedicatus,
498 3256 529 3304 ut
540 3265 639 3303 omues
653 3247 784 3303 homiues
798 3248 984 3304 exaudierint.
1024 3249 1150 3322 Hujusoe
1164 3249 1251 3322 igitur
1264 3265 1299 3303 aa

199 3346 262 3402 quae
283 3327 375 3402 palum
395 3327 425 3384 iu
443 3327 530 3384 sacris
551 3327 705 3402 evangeliis
726 3328 868 3402 descripta
886 3337 954 3384 sunt
975 3327 1050 3385 fautu
1074 3328 1200 3402 corporis
1218 3328 1295 3384 vide·

197 3407 273 3472 licet,
288 3407 366 3481 quod
386 3407 538 3482 assumpsit
552 3409 588 3465 de
602 3407 713 3482 virgine
733 3407 955 3482 generationem.
971 3407 1038 3464 item
1060 3406 1296 3481 quemadmodum

198 3506 282 3560 quum
303 3495 371 3545 esset
392 3489 530 3564 informa
546 3489 612 3552 Dei,
628 3506 680 3543 mm
694 3490 821 3564 rapinam
840 3488 992 3544 arbitiatus
1004 3496 1044 3543 eat
1057 3505 1115 3543 esse
1128 3505 1155 3540 se
1168 3487 1297 3560 equalem
1340 3501 1393 3542 mu.
1404 3502 1448 3550 aa

201 3567 271 3632 Deo,
295 3571 344 3624 ted
367 3568 480 3642 κοίρανοι
505 3571 654 3624 cainaniuit
667 3568 791 3641 sunnam
812 3571 883 3624 servi
905 3569 1055 3639 occipiens:
1077 3573 1213 3638 praterea
1235 3583 1298 3638 quae

200 3647 336 3704 miracula
355 3648 385 3704 iu
406 3648 568 3705 hominibus
589 3648 696 3722 degens
717 3647 846 3712 ediderit,
861 3665 914 3704 uso
932 3664 988 3702 nou
1009 3663 1181 3720 quaecunque
1198 3653 1299 3704 contra

199 3729 292 3802 ipsum
307 3747 376 3784 ausa
388 3738 433 3786 est
444 3728 464 3784 J
467 3728 565 3784 uduica
579 3745 660 3802 gens,
676 3728 782 3794 omnis,
798 3727 922 3803 iuquam,
936 3725 1008 3790 haec,
1020 3732 1050 3782 et
1063 3723 1117 3782 alia
1130 3724 1230 3782 similia
1245 3726 1297 3792 his,

198 3828 285 3882 quum
301 3809 401 3865 animae
415 3808 504 3865 oculis
521 3808 700 3882 providisset,
716 3827 836 3884 qumque
849 3815 984 3865 eventura
997 3805 1026 3862 in
1041 3815 1184 3880 posterum
1199 3824 1298 3880 expec-

200 3888 344 3953 tabantur,
366 3888 463 3945 divino
485 3888 585 3963 spiritu
608 3889 738 3954 docente,
762 3887 960 3963 purgatissima
985 3886 1173 3960 intelligentia
1199 3904 1296 3959 peros-

199 3969 298 4041 pinet,
326 3987 359 4024 ex
383 3969 417 4024 iis
437 3987 501 4042 quta
524 3968 579 4026 hoo
603 3968 689 4025 modo
710 3968 838 4025 audierat
862 3987 892 4024 ae
914 3965 1092 4041 obstupuisse
1116 3985 1149 4022 ac
1171 3965 1298 4023 timuisse

199 4047 306 4104 latetur
325 4048 474 4123 propheta,
490 4049 598 4114 dicens,
617 4048 736 4104 Domine
755 4049 845 4105 oudioi
865 4049 1031 4105 auditionem
1052 4056 1137 4109 tuoto,
1152 4054 1178 4101 et
1200 4048 1297 4104 timui:

201 4125 322 4185 Domine
334 4130 455 4185 intellexi
468 4147 552 4203 opero
566 4137 624 4192 tuo,
641 4136 666 4184 et
682 4127 817 4202 obstupui.
860 4127 992 4185 Salvator
1005 4135 1098 4183 autem
1114 4144 1147 4182 aa
1158 4126 1299 4182 Dominus

200 4217 307 4272 noster.
335 4208 427 4282 ipsum
452 4207 547 4282 utique
571 4206 627 4264 hoo
649 4208 703 4264 Dei
727 4207 862 4270 Verbum,
885 4210 912 4262 iu
933 4209 1021 4262 medio
1042 4209 1155 4262 duorum
1179 4208 1299 4261 vitorum

199 4291 323 4361 mytilus
337 4295 385 4344 eat.
429 4287 497 4344 Nou
511 4290 586 4344 enim
602 4289 718 4343 duorum
740 4286 898 4342 animalium
917 4295 961 4342 est
980 4284 1142 4359 legendum,
1158 4283 1209 4338 sed
1229 4287 1298 4338 dua.

241 4401 309 4439 vot..
325 4401 361 4440 n.
785 4399 803 4434 G
