3108 4708
45 215 186 296 -4ee
446 220 696 288 nunonsr.
720 221 888 288 nvnne.
913 223 960 286 x.
977 238 1006 306 7·
1234 219 1298 291 963

196 419 280 487 κρυς
299 390 357 467 καὶ
375 396 439 468 τοῦ
456 389 598 496 ψύχους
616 389 877 490 ἐμνημόνευσεν
894 389 1012 487 εἰπὼν,
1031 390 1253 484 ἱείστοίιιειιτοιι
1271 401 1297 470 οἱ

197 507 306 592 δοῦλοι
333 525 393 596 καὶ
424 525 451 596 οἱ
478 515 632 625 ὑπηρέται
657 514 835 625 ιἰνθραοιιδον
859 521 1090 611 πεποιηκότες,
1110 518 1157 598 ’ότι
1176 511 1297 623 ψίχας

176 631 243 734 qvir,
264 649 323 720 eei
350 639 581 761 iliensium
635 647 707 723 Καὶ
728 641 818 747 πρὸς
842 642 907 742 μέν
928 641 994 743 τὴν
1020 645 1119 750 λέξιν
1138 643 1296 723 τοιούτου

196 763 324 852 τέλους
350 767 521 875 ε’τιίγχανε
548 771 594 851 τὰ
621 771 919 874 προηγορευμένα·
950 769 1041 874 πρὸς
1069 769 1106 850 δέ
1131 769 1338 862 διάνοιαν,ιο

197 892 239 971 τὸ
270 900 344 974 πᾶν
371 897 551 976 Ἰουδαίων
578 898 693 994 ἔθνος,
720 905 784 976 τοῦ
816 897 994 998 σωτηρίου
1026 895 1147 1001 φωτὸς
1179 898 1297 979 αὐτοῖς

197 1019 480 1128 ἐπιλάμψαντος,
499 1024 615 1102 αὐτῶν
642 1057 680 1103 τε
708 1030 852 1117 μᾶλλον
879 1021 920 1103 τὸ
948 1023 1079 1107 σκότος
1101 1020 1124 1121 ἢ
1148 1023 1190 1102 τὸ
1217 1030 1321 1128 φῶςῦ

197 1146 385 1244 ἑλομένων,
403 1150 502 1228 τοῦθ’
523 1148 609 1250 ὅπερ
628 1151 686 1228 καὶ
704 1150 843 1229 εἵλοντο
860 1152 1036 1247 μετῆλθεν
1058 1147 1194 1243 αὐτοὺς,
1212 1150 1298 1226 ἀνα-

198 1272 431 1376 χωρήσαντος
467 1273 532 1374 μέν
569 1277 687 1355 αὐτῶν
722 1284 786 1355 τοῦ
820 1272 950 1381 φωτός,
982 1272 1228 1372 διαλαβοιίσης
1261 1272 1298 1352 δὲ

197 1399 324 1486 αὐτοὺς
351 1400 475 1486 νυκτὸς
500 1405 694 1508 ἀφεγγοΰς,
713 1389 968 1500 σκοτισθείσης
992 1402 1109 1480 αὐτῶν
1126 1404 1190 1498 τῆς
1215 1403 1296 1478 δια-

199 1527 304 1625 νοίας,
324 1527 414 1630 πρὸς
439 1526 480 1606 τὸ
505 1526 555 1626 μὴ
580 1526 772 1630 διαυγάσαι
796 1528 859 1607 τὸν
878 1526 1068 1633 φωτισμὸν
1096 1535 1160 1607 τοῦ
1188 1528 1320 1628 suiuy-5

198 1651 322 1752 γελίου
347 1656 385 1732 έν
407 1661 484 1738 ταῖς
509 1656 666 1758 καρδίαις
690 1656 816 1750 αὐτῶν,
836 1650 936 1732 ἀλλὰ
960 1657 1018 1732 καὶ
1037 1655 1216 1760 ψυγείσης
1234 1657 1297 1751 τῆς

198 1779 289 1881 πρὸς
306 1777 371 1858 τὸν
394 1778 489 1860 Θεὸν
512 1779 654 1881 ἀγάπης
680 1783 806 1878 αὐτῶν,
823 1780 869 1860 τοὶ
894 1778 1069 1878 σύμβολα
1092 1779 1227 1859 τούτων
1252 1785 1298 1858 εἱ-

199 1903 310 1988 κότως
329 1908 490 2004 ἐτελεῖτο,
509 1905 709 2010 ε’πληροῦτό
734 1941 772 1986 τε
796 1907 878 2012 ἑξῆς
903 1905 949 1986 τὰ
970 1910 1033 2005 τῆς
1050 1903 1297 2015 προρρήσεως,

198 2028 289 2110 κατὰ
306 2029 372 2131 τὴν
389 2031 526 2112 τοιόνδε
544 2037 608 2130 τῆς
625 2033 803 2135 σωτηρίου
828 2034 1032 2138 ἐπιφανείας
1051 2032 1182 2134 ἡμέραν
1209 2034 1294 2112 ὕδα·
1310 2059 1339 2094 ¹⁰

198 2190 260 2238 τος
288 2154 417 2257 ζῶντος
445 2158 653 2264 ἐξελθόντος
681 2159 725 2264 ἐξ
748 2158 998 2260 Ἰερουσαλὴμ,
1025 2165 1074 2243 είς
1102 2158 1221 2238 πάντα
1252 2157 1299 2236 τὰ

199 2281 283 2381 ἔθνη
306 2281 547 2385 προελθόντος
572 2293 635 2363 τοῦ
659 2285 807 2384 γονίμου
832 2288 889 2364 καὶ
913 2285 1058 2388 ζωτικοῦ
1074 2283 1212 2384 Ιιλόγου
1236 2288 1330 2382 τῆςᾶ

200 2409 430 2509 εὐαγγελικῆς
453 2411 698 2505 διδασκαλίας,
719 2409 919 2514 ἀρξαμένου
945 2410 1010 2508 μέν
1035 2406 1106 2489 ἀπὸ
1130 2414 1193 2507 τῆς
1210 2411 1299 2488 Ἰου-

200 2534 311 2630 calar,
326 2537 384 2614 καὶ
402 2535 445 2640 ἐξ
458 2532 579 2632 θαύτῆς
593 2569 635 2635 γε
653 2539 717 2632 τῆς
727 2533 977 2636 Ἰερουσαλὴμ,
993 2536 1243 2618 ωδιαδοθέντος
1261 2533 1299 2613 δέ

198 2664 247 2743 είς
278 2667 402 2739 πᾶσαν
429 2659 495 2758 τὴν
522 2665 602 2760 γῆν,
626 2663 684 2739 καὶ
706 2666 754 2743 εἰς
781 2660 900 2739 πάντα
930 2659 976 2738 τὰ
1005 2665 1068 2757 τῆς
1096 2661 1298 2758 οἰκουμένης

241 2862 249 2906 ¹
263 2867 383 2936 είστὴκαν
397 2869 424 2922 S.
576 2865 593 2908 ¹¹
607 2871 690 2942 λόγου
703 2870 764 2924 αδδ.
780 2869 810 2926 Ρ.
960 2866 969 2914 Ῑ
983 2871 1061 2938 αὐτῆς
1073 2867 1117 2942 γε]
1135 2870 1213 2938 αὐτῆς
1224 2890 1253 2922 τε
1268 2869 1297 2922 Ρ.

200 2955 223 2987 ¹²¹
237 2948 398 3004 διαδοθέντος
412 2949 454 3021 δι’]
474 2949 636 3006 διαδοθέντος
648 2973 677 3005 τε
692 2951 723 3006 Ρ.

198 3125 314 3198 frigoris
328 3144 439 3200 quoque
460 3127 633 3184 mentionem
648 3128 823 3202 apertissime
837 3127 913 3193 facit,
929 3128 1036 3192 dicens,
1054 3127 1172 3185 Stabant
1186 3127 1257 3183 κενοί
1271 3133 1298 3183 el

199 3207 318 3262 ministri
331 3208 368 3261 acl
377 3225 491 3280 prunus,
507 3208 674 3281 quinsrigus
687 3216 757 3275 erut,
767 3216 794 3263 el
810 3207 1001 3283 calefaciebant
1014 3227 1052 3264 se.
1078 3208 1116 3264 Et
1130 3208 1164 3263 ed
1180 3207 1296 3264 verbum

198 3285 312 3360 quidem
334 3287 498 3361 hujusmodi
522 3287 607 3343 finem
632 3288 821 3362 contigerunt,
845 3307 907 3360 quse
932 3289 972 3346 sic
996 3288 1130 3360 praedicte
1154 3296 1237 3345 sunt:
1262 3287 1299 3344 ad

197 3385 313 3423 sensum
327 3385 404 3432 vero,
421 3386 507 3440 quum
521 3367 628 3424 Judaeis
649 3367 770 3424 salutare
790 3367 887 3423 lumen
907 3367 1053 3431 illuxisset,
1076 3367 1183 3440 ipsique
1204 3367 1298 3439 potius

197 3446 330 3503 tenebras
353 3466 437 3522 quem
459 3447 553 3504 lumen
578 3447 701 3523 amplexi
725 3455 829 3509 essent,
851 3447 906 3502 hoc
931 3447 1005 3520 qnod
1027 3446 1063 3501 eb
1087 3445 1155 3518 ipsis
1177 3446 1298 3502 electum

197 3535 431 3602 assumptumque
444 3535 489 3584 est
503 3528 661 3584 uniuersam
677 3529 802 3602 ipsorum
816 3525 959 3583 nationem
975 3523 1086 3581 invasit.
1112 3523 1208 3592 Quum
1223 3525 1298 3581 enim

197 3606 251 3682 ipsi
273 3607 457 3664 recessissent
475 3627 492 3664 e
512 3608 583 3672 lnce,
606 3616 635 3664 et
656 3627 705 3665 eos
727 3608 847 3664 obscure
870 3624 928 3661 nox
951 3612 1126 3680 occupasset,
1142 3605 1299 3662 obscuretis

198 3687 324 3761 ipsorum
348 3687 500 3753 mentibus,
525 3707 559 3744 eo
583 3688 659 3763 quod
682 3687 848 3744 illuminatio
874 3685 1037 3760 evangelice
1061 3685 1154 3742 radios
1179 3703 1245 3741 suos
1270 3685 1299 3740 in

198 3768 286 3824 corde
302 3767 428 3841 ipsorum
447 3787 504 3824 non
526 3769 700 3834 immitteret,
723 3768 875 3843 quinetiam
896 3767 1063 3841 refrigerata
1083 3765 1207 3839 ipsorum
1230 3782 1300 3837 erge

198 3847 291 3904 Deum
310 3848 449 3905 charitate
467 3848 565 3905 talium
587 3867 681 3906 rerum
703 3849 785 3924 signs
807 3847 906 3904 merito
926 3865 1058 3920 expressa
1074 3851 1148 3907 sunt,
1164 3851 1193 3901 et
1206 3843 1236 3899 in
1249 3843 1300 3901 teli

198 3927 329 3984 saluteris
342 3928 480 3985 adventus
495 3928 540 3985 die
559 3931 700 4002 complete
719 3938 840 3995 euntes,
856 3947 918 4002 qnae
932 3927 968 3982 ud
983 3926 1038 3982 hoc
1053 3924 1195 3981 oraculum
1211 3925 1297 3998 perti·

198 4016 277 4073 nent,
292 4009 359 4064 dum
381 4028 454 4083 equs
468 4009 565 4065 vivens
586 4008 708 4082 erumpit
725 4027 758 4065 ex
774 4008 962 4072 Hierusalem,
978 4014 1008 4063 et
1027 4007 1056 4060 in
1078 4023 1177 4060 omnes
1198 4014 1299 4079 gentes

198 4088 380 4162 progreditur
393 4089 541 4146 foecundus
555 4090 657 4145 stvitae
672 4097 836 4161 apportatur
850 4087 1021 4160 evangelicae
1035 4084 1171 4140 doctrinae
1186 4103 1297 4141 sermo:

198 4167 247 4242 qui
262 4187 348 4242 quum
363 4170 507 4242 proiectus
521 4169 558 4226 sit
572 4170 607 4226 de
621 4168 722 4227 Judaea
736 4176 765 4224 et
779 4169 814 4224 de
831 4168 892 4241 ipse
907 4163 1085 4222 Hierusalem
1101 4164 1299 4221 disseminatus

198 4257 299 4322 postea
312 4258 356 4305 est
370 4250 399 4305 in
414 4268 527 4306 omnem
542 4259 647 4306 terram
662 4259 691 4306 et
701 4249 730 4304 in
745 4266 843 4304 omnes
857 4247 933 4303 orbis
948 4253 1084 4302 terremm
1101 4245 1181 4301 fines.
1205 4245 1298 4317 Hujus

728 4361 812 4415 3n2
