3120 4716
255 252 320 314 880
702 243 887 310 EUSEBII
1335 253 1486 321 p.444-·

256 409 380 495 πάντιε
414 411 469 489 ε’πὶ
502 416 540 517 τῇ
570 403 695 516 διδαχῇ
727 409 835 484 αὐτοῦ·
875 398 908 496 iit
937 402 1006 510 γάρ
1039 395 1207 482 διδάσκον
1238 395 1382 482 mortiise

257 540 301 620 ἀς
320 535 468 640 ἐξουσίαν
487 533 582 629 ἔχων,
603 531 665 612 καί
684 536 747 626 οὐχ
765 534 810 616 ὡς
830 540 856 608 οἱ
873 532 1093 635 γραμματεῖς
1111 524 1228 606 αὑτοῖν.

233 705 250 754 ⁶
313 677 390 758 Τὸν
417 676 454 756 δὲ
479 675 615 778 τρόπον
637 677 701 771 τῆς
725 681 788 751 τοῦ
812 675 978 773 Σοντῆρος
995 672 1096 769 ἡμῶν
1120 668 1356 748 διδασκαλίας

256 837 296 883 τε
324 806 382 882 καὶ
411 801 622 900 νομοθεσίαις
648 802 685 877 ε’ν
709 801 835 902 ἀρχαῖς
860 801 923 896 τῆς
945 794 1132 897 παρούσης
1154 793 1379 882 ἰοτοθέσεωςς

256 922 466 1022 διελθόντες,
485 924 543 1004 ὅτε
568 923 631 1003 τὸν
657 918 945 1025 Χριστιανεσμὸν
974 919 994 999 ὅ
1018 954 1053 998 τι
1075 917 1167 999 ποτέ
1186 921 1287 996 ε’στιν
1307 922 1357 998 εἷς

257 1051 412 1158 φανερὸν
439 1051 584 1150 ἤγομεν,
601 1049 655 1128 ἐπ’
676 1050 788 1126 ἐκεῖνα
811 1051 868 1125 καὶ
891 1055 952 1124 νῦν
975 1043 1057 1128 τοὺς
1077 1043 1356 1148 ἐντυγχάνοντας

255 1177 557 1281 παραπέμφομεν.
606 1175 829 1270 Ἐπιστῆσαι
857 1171 895 1250 δὲ
915 1177 966 1276 τῷ
986 1169 1088 1276 λόγῳ
1115 1170 1228 1275 ἀξιον,
1251 1170 1294 1246 δι’
1315 1165 1357 1247 ὃν

258 1305 278 1381 ὁ
318 1303 450 1405 Κύριος
486 1303 708 1403 ὑπισχνεῖται
742 1296 933 1402 προφήτην
969 1296 1189 1394 ἀναστήσειν
1222 1297 1352 1379 αὐτοῖς.

236 1426 403 1526 τἘπειδῆ
431 1425 503 1528 γδρ
532 1424 725 1505 κεκελειίκει
749 1423 815 1522 μὲν
842 1423 947 1505 αὐτὸς
974 1429 1025 1530 τῷ
1052 1428 1186 1500 Μωσεῖ
1209 1423 1356 1523 ἁγνίσαι
1369 1456 1398 1490 ¹0

258 1553 322 1631 τὸν
352 1550 471 1632 πάντα
502 1549 593 1630 λαὸν
624 1552 679 1655 ἐφ’
710 1550 854 1650 ἡμέραις
887 1551 1015 1650 τρισὶν,
1043 1552 1092 1630 ὡς
1123 1546 1168 1626 ἀν
1199 1549 1357 1648 γε’νοιντο

259 1680 381 1757 θεαταὶ
404 1679 494 1774 ὁμοῦ
518 1679 577 1755 καὶ
603 1678 773 1778 ἀκροατώ
797 1679 861 1773 τῆς
885 1674 1004 1754 ἐνθέου
1028 1676 1241 1780 ἐπιφανείας,
1261 1680 1294 1753 οἱ
1319 1673 1358 1753 δὲ

258 1801 505 1908 ἐξησθένησαν
534 1800 624 1903 πρὸς
652 1799 718 1898 τὴν
747 1807 811 1877 τοῦ
840 1807 935 1879 Θεοῦ
962 1796 1078 1904 χάριν·
1113 1797 1167 1879 διὸ
1197 1803 1234 1878 ἑν
1263 1803 1388 1904 ἀρχῇδ

260 1925 441 2028 γενόμενοι
461 1931 525 2024 τῆς
546 1925 693 2027 θεωρίας
716 1935 940 2029 παρῃτοῦντο
964 1927 1129 2027 λέγοντες
1146 1931 1197 2031 τῷ
1217 1931 1358 2022 Μωσεΐ,

260 2054 301 2132 οἷν
319 2051 423 2132 λιίλει
446 2051 527 2156 πράς
551 2055 652 2157 vifis,
673 2057 732 2131 nui
757 2049 804 2156 μή
827 2055 979 2132 λαλείτω
1001 2053 1083 2159 πρὶς
1105 2055 1195 2155 ἡμεῖς
1219 2061 1233 2132 i
1260 2051 1358 2143 Θεδς,

256 2187 312 2259 'im
337 2176 385 2282 μή
411 2175 637 2282 ἀποθάνωμεν·
670 2178 810 2260 εἰκότως
834 2177 893 2256 διὰ
919 2187 1032 2257 ταῦτα
1058 2178 1267 2282 ἀποδέχεται
1293 2175 1382 2275 pivs

261 2304 388 2386 αι’ντοδς
416 2305 435 2381 ὁ
466 2300 597 2403 Κύριος
624 2307 687 2399 τῆς
714 2304 910 2401 εὐλαβείας,
931 2307 1025 2407 φησὶ
1052 2304 1100 2398 δὲ,
1123 2302 1215 2409 ὀρθῶς
1243 2300 1360 2381 πάντα.

263 2429 329 2508 ’ὅσα
357 2427 540 2522 ἐλάλησαν,
569 2431 731 2533 προφήτην
759 2433 936 2521 ἀναστήσω
963 2434 1076 2513 αὐτοῖς
1105 2430 1143 2508 ἔκ
1170 2425 1273 2531 με’σον
1300 2427 1361 2506 τοῖν

240 2549 422 2658 εάδελφοῖν
440 2549 577 2642 damin,
597 2547 709 2659 ἀτπέρ
732 2589 781 2632 σε.
836 2555 980 2633 Οὐκοῦν
996 2556 1072 2632 ‘xci
1095 2553 1137 2632 τὸ
1162 2553 1273 2632 α’ίτιον
1293 2551 1362 2628 ἐδί-

1020 2675 1257 2721 »εχει

264 2680 351 2786 δαξε
377 2687 441 2759 τοῦ
469 2679 569 2776 δίκην
595 2679 782 2782 προφήτου
810 2677 958 2776 μέλλειν
987 2713 1095 2758 αυτον
1139 2712 1206 2776 την
1229 2711 1277 2761 εις
1299 2680 1362 2756 ἀν-
1373 2713 1403 2747 ιο

421 2843 534 2901 detrun
548 2848 610 2905 add.
625 2849 657 2902 P.
740 2847 931 2903 exaiaddffl.
1014 2843 1205 2916 ‘viroduk

266 2984 373 3038 doceret
399 2999 444 3039 ens
474 2991 605 3057 tunquam
634 2989 794 3056 potestatem
826 2981 932 3046 habens,
961 3000 1014 3038 uon
1044 2990 1174 3056 tanquam
1200 2983 1294 3040 scribet
1319 2988 1360 3058 ip·

267 3079 369 3118 sorum.

308 3141 403 3208 Quum
419 3149 512 3198 sutem
527 3143 614 3199 totius
629 3143 722 3217 operis
743 3142 823 3199 initio
844 3142 907 3216 quis
928 3150 1004 3198 esset
1018 3141 1175 3199 salvatoris
1191 3143 1280 3199 nostri
1302 3151 1364 3204 tum

266 3221 295 3276 in
319 3220 447 3277 doctrine
469 3230 529 3278 tum
551 3223 579 3277 in
601 3222 712 3297 iegibus
736 3222 895 3279 sanciendis
918 3221 1020 3278 modus
1040 3223 1292 3296 explanaverimus,
1315 3223 1364 3279 ubi

267 3299 333 3373 quid
348 3309 423 3357 esset
438 3301 670 3359 christianismus
682 3303 710 3358 in
724 3303 848 3358 medium
863 3301 1040 3376 protulimus,
1050 3302 1086 3359 nd
1100 3303 1147 3358 illu
1161 3302 1222 3376 ipsa
1234 3303 1363 3376 legentes

267 3381 353 3437 etiam
375 3400 449 3438 nunc
473 3383 649 3438 remittimus.
693 3381 751 3438 Sed
776 3382 948 3456 diligentiori
972 3383 1093 3457 quadum
1120 3381 1364 3439 animadversione

267 3480 313 3517 res
326 3461 413 3534 digus
431 3481 494 3518 esse
509 3463 627 3526 videtur,
642 3481 692 3518 cur
712 3462 753 3518 ita
766 3462 908 3518 Dominus
928 3463 1096 3538 prophetam
1117 3462 1172 3519 illis
1192 3481 1223 3518 se
1244 3463 1362 3518 suscito·

266 3549 360 3597 turum
382 3541 554 3614 pollicentur.
597 3541 739 3610 Quoniam
760 3542 847 3616 igitur
867 3543 981 3599 Mosem
1003 3543 1062 3616 ipse
1079 3542 1223 3599 Dominus
1239 3542 1365 3614 jusserat

266 3622 428 3677 universum
452 3623 587 3696 populum
610 3623 704 3678 triduo
729 3623 852 3696 expiare,
875 3629 908 3678 ut
927 3622 1010 3678 simul
1030 3631 1059 3678 et
1080 3630 1253 3695 spectatores
1274 3621 1314 3677 iili
1335 3630 1365 3679 et

267 3701 409 3757 auditores
421 3701 506 3757 divini
517 3701 655 3758 adventus
666 3701 851 3767 efficerentur,
861 3700 901 3757 illi
909 3711 1004 3758 sutem
1018 3701 1186 3758 infirmiores
1196 3702 1232 3757 ud
1242 3701 1365 3776 gratiam

267 3781 320 3836 Dei
335 3781 504 3847 existebant,
517 3791 547 3838 ut
561 3789 710 3856 propterea
723 3799 810 3854 quum
821 3783 881 3855 jum
895 3790 924 3838 et
938 3780 1041 3838 intueri
1055 3789 1084 3837 et
1098 3781 1195 3838 andire
1207 3781 1366 3854 inciperent

103 3871 169 3911 Exod-
180 3880 211 3916 ιο.
259 3879 330 3916 eam
351 3879 410 3917 rem
432 3861 485 3936 ipsi
506 3862 706 3928 recusaverint,
721 3859 847 3916 dieentes
868 3861 905 3917 sd
918 3861 1040 3926 Mosem,
1059 3861 1101 3917 Tu
1122 3863 1231 3936 loquere
1250 3863 1288 3916 ad
1308 3881 1365 3926 αοε,

104 3931 196 4017 aum,
269 3957 354 4013 neque
377 3943 505 4014 loquatur
527 3942 565 3997 αδ
585 3960 633 3998 nos
660 3941 747 4004 Deus,
771 3958 804 3996 ne
830 3942 996 3998 moriamur:
1028 3940 1131 3997 merito
1155 3939 1193 3996 ob
1217 3959 1280 3996 eum
1303 3959 1366 3997 rem

105 4027 136 4066 ²⁷·
269 4018 384 4092 suscipit
398 4020 511 4091 quidem
526 4021 637 4077 illorum
650 4021 784 4095 pietatem
798 4038 831 4076 ec
845 4021 1030 4078 reverentiam
1044 4019 1193 4084 Dominus,
1208 4019 1284 4076 idem
1298 4039 1367 4077 vero

105 4107 209 4150 Dent-1⁸.
270 4097 317 4161 sit,
330 4098 413 4154 Recte
421 4103 511 4155 omnia
521 4119 684 4173 quocunque
695 4101 779 4156 locuti
788 4109 862 4165 sunt,
875 4101 1033 4174 prophetam
1044 4100 1162 4157 excitabo
1171 4101 1227 4156 iltis
1236 4101 1270 4156 de
1280 4101 1367 4156 medio

106 4163 137 4236 ¹7·
193 4187 199 4199 ·
260 4173 387 4245 fratrum
400 4193 510 4230 suorum
522 4180 593 4232 sieut
607 4187 640 4233 te.
664 4179 712 4234 Sic
723 4197 914 4252 ergoouusnm
929 4199 1039 4254 quoque
1053 4180 1158 4244 docuit,
1167 4198 1217 4236 cur
1230 4188 1367 4253 tunquam

269 4251 408 4323 propheto
421 4253 504 4308 fuerit
519 4262 654 4311 venturus
670 4257 706 4312 ad
726 4257 865 4316 homines.
907 4259 950 4315 Es
964 4277 1032 4315 vero
1047 4259 1100 4327 suit
1114 4259 1261 4316 hominum
1275 4259 1365 4316 imbe»
