3144 4720
73 281 208 347 —4so.
463 269 691 336 DEMONST.
715 271 886 338 EVANG.
910 274 978 338 IX.
996 294 1024 337 2.
1257 276 1322 340 837

221 465 313 527 μεως
349 438 585 535 παραστῆσαι
619 436 838 536 βουλόμενος
869 441 889 517 ὃ
926 435 1037 539 λᾶγος
1068 437 1225 539 θεσπίζει
1257 447 1321 518 τοῦ

223 558 358 659 Κυρίου
385 556 450 656 τὴν
477 566 526 644 εἷς
549 562 732 663 Αἴγυπτον
759 563 894 669 ἄφιξιν,
920 561 1019 669 ἐφῇ
1047 565 1252 664 μεταβολὴν
1279 567 1441 655 clip-422

218 681 284 780 τὴν
308 694 490 789 τυχοῦσαν
514 693 587 766 τῶν
607 690 812 788 Αἰγυπτίων
839 688 987 769 ἔσεσθαι
1012 690 1236 794 προφητεύει,
1254 691 1315 769 λε’·

218 841 295 909 γων
318 811 412 916 ε’ξῆς,
432 811 492 891 nal
517 813 698 914 γνώσονται
725 823 753 893 οἱ
776 813 956 915 Αίγιίπτιιι
979 817 1030 896 τὶν
1055 816 1173 922 Κιίριον,
1195 827 1222 897 οἱ
1247 827 1321 923 πρὶν
1360 844 1365 855 ·

218 932 266 1040 μίν
293 932 434 1022 ΙΙεἰδότες
460 942 567 1028 αὐτὸν,
588 943 649 1020 καὶ
677 939 818 1046 εὔξονται
846 950 893 1046 τῷ
920 946 1023 1048 Κυρίῳ
1049 940 1169 1040 εὐχοὶς,
1188 945 1248 1021 καὶ
1274 941 1343 1022 τὰς

196 1061 358 1146 ττσιίτσις
388 1062 640 1164 παραπλήσια.
697 1065 883 1167 Ἀνωτέρω
912 1064 978 1162 μὲν
1009 1067 1072 1145 οὖν
1100 1070 1138 1145 ἐν
1166 1073 1216 1172 τῷ
1247 1066 1319 1168 πρὸ

220 1185 347 1266 τούτου
371 1189 555 1294 κεφαλαίῳ
579 1191 798 1291 κληρονομία
824 1200 888 1270 τοῦ
918 1190 1172 1293 θεσπιζομίνου
1196 1189 1319 1289 Ἐδὼμ

219 1318 278 1390 καὶ
295 1312 420 1391 Ἠσαῦ
444 1313 595 1414 ἐλέγετο,
614 1321 686 1392 τῶν
713 1317 916 1416 ἀλλοτρίων
942 1313 1026 1395 1τοῦ
1043 1315 1197 1417 Ἰσραὴλ
1225 1318 1318 1396 οὕτω

219 1439 500 1536 σημαινομένων·
531 1443 682 1519 ἐνταῦθα
705 1439 742 1518 δὲ
766 1439 789 1537 ἦ
809 1439 991 1539 Αἴγυπτος
1009 1442 1096 1520 meat
1121 1442 1140 1518 ὁ
1163 1445 1227 1538 τῆς
1246 1447 1314 1520 At·
1329 1477 1358 1512 ιο

217 1563 356 1664 γιίπτον
374 1562 463 1648 λαὸς
481 1567 544 1644 οὐκ
562 1565 613 1643 ἔτι
630 1572 702 1644 τῶν
720 1566 879 1644 εἰδώλων
896 1567 981 1644 ἀλλ’
1002 1567 1109 1644 αὐτοῦ
1132 1573 1196 1645 τοῦ
1218 1564 1347 1667 πορδὴ

215 1697 289 1772 τοῖς
307 1691 488 1770 Ἰουδαίων
505 1689 707 1796 προφήταις
727 1691 1007 1791 θεολογουμένων
1028 1691 1161 1793 Κυρίου
1184 1691 1313 1771 θεσπί-

192 1816 319 1918 4ζεται.
373 1814 493 1919 Ἀπερ
517 1823 546 1896 ei
569 1817 635 1915 μὲν
658 1816 707 1915 μὴ
731 1816 816 1920 ὄφει
837 1817 1104 1915 συντελούμενα
1127 1823 1316 1919 θεωρεῖται,

214 1945 278 2022 οὐκ
302 1943 402 2023 ἔστιν
429 1950 537 2024 εἰπεῖν
564 1941 629 2042 τὴν
656 1942 911 2044 θεσπιζομένην
938 1942 1065 2048 ἄφιξιν
1092 1951 1156 2022 τοῦ
1178 1944 1340 2046 Κυρίους

216 2074 264 2152 είς
291 2068 357 2169 τὴν
383 2069 567 2172 Αἴγυπτον
594 2069 790 2171 γεγονέναι·
824 2075 853 2147 εὶ
881 2068 919 2147 δὲ
947 2068 1033 2171 ὑπὲρ
1060 2067 1179 2148 πάντα
1204 2070 1317 2171 λόγον

215 2195 238 2294 ἡ
260 2195 410 2295 ἀλήθεια
433 2203 605 2298 μαρτυρεῖ
619 2203 692 2279 τοῖς
708 2193 910 2297 πράγμασι,
929 2200 987 2273 καὶ
1011 2201 1085 2277 τοῖς
1109 2197 1312 2296 ἀγνωμονε-

215 2317 362 2403 στοίτοις
387 2322 543 2423 ε’νοργῶς
570 2322 748 2400 δείκνυσιν
773 2318 900 2404 αὐτοὺς
921 2319 1138 2421 Αἰγυπτίους
1163 2324 1226 2419 τῆς
1249 2320 1315 2420 μὲν

213 2446 258 2551 ἐξ
285 2452 409 2530 αίῶνος
438 2445 757 2548 πατροπαραδότου
785 2446 1057 2544 δεισιδαιμονίας
1084 2447 1311 2547 ἀνακεχωρη-
1325 2476 1356 2512 ¹0

214 2571 329 2667 κότος,
348 2572 586 2654 οἶκειωθέντος
613 2568 651 2650 δὲ
673 2577 725 2676 τῷ
750 2576 833 2677 Θεῷ
857 2576 929 2648 τῶν
954 2579 1067 2648 ταῦτα
1089 2576 1311 2673 προαναφω-

214 2694 402 2794 ισησᾶντων
427 2702 635 2799 προφητῶν,
662 2697 721 2774 καὶ
749 2703 874 2774 τοῦτον
901 2693 1011 2792 μόνον
1040 2693 1227 2787 σε’βσντας,
1256 2695 1339 2770 scic

212 2820 332 2902 πάντα
356 2820 508 2902 θάνατον
532 2819 797 2923 ἀσπαζομένους
816 2819 902 2921 ὑπὲρ
919 2823 981 2916 τῆς
1001 2824 1048 2899 εὶς
1072 2814 1180 2896 αὑτὸν
1206 2816 1308 2894 εὐσε-

316 2968 458 3029 kailonis
473 2974 500 3027 S.
592 2968 662 3026 Ῑτοῦ
676 2972 737 3027 add.
754 2972 786 3029 Ρ.
881 2983 905 3014 ¹¹¹
922 2971 1030 3025 καὶδτ.
1045 2969 1085 3023 Al.
1101 2969 1162 3023 add.
1179 2968 1210 3024 P.

214 3096 329 3154 Domini
343 3097 372 3154 in
386 3098 547 3173 AEgyptum
561 3099 637 3156 canit
650 3099 813 3163 adventum,
829 3098 881 3155 sub
895 3117 978 3172 quem
997 3117 1057 3155 non
1077 3098 1168 3154 levem
1188 3096 1312 3153 futurum

214 3177 416 3252 AEgyptiorum
438 3178 623 3234 mutationem
644 3178 752 3235 divinat
771 3179 904 3252 deinceps
919 3179 959 3236 sic
973 3178 1078 3243 dicens,
1093 3177 1135 3234 Et
1154 3183 1312 3251 copnoacent

213 3257 342 3332 AEgypfii
356 3259 516 3322 Dominum,
531 3261 577 3334 qui
592 3260 715 3315 uidelicet
729 3278 781 3314 non
796 3259 987 3333 σοραοεεεδσαι
1003 3259 1080 3315 illum
1091 3261 1178 3331 prius,
1194 3265 1220 3312 et
1234 3273 1311 3311 cooe-

214 3337 279 3393 bunt
295 3336 415 3394 Domino
429 3347 502 3402 cota,
518 3347 546 3394 et
561 3357 623 3411 quae
644 3338 688 3394 his
709 3339 810 3395 similia
831 3348 994 3413 sequuntur.
1038 3336 1182 3410 Superiori
1196 3335 1310 3408 quidem

212 3417 343 3490 proximo
363 3418 455 3492 capite
476 3418 625 3475 hareditas
646 3419 717 3492 ejus,
732 3420 778 3492 qui
793 3429 928 3476 venturus
948 3417 1066 3480 canitur,
1081 3415 1174 3471 Edom
1190 3423 1219 3469 et
1234 3413 1311 3468 Esau

213 3496 367 3561 dicebatur,
383 3497 486 3572 quippe
501 3517 585 3572 quum
601 3498 684 3554 alieni
698 3499 734 3556 ab
749 3500 836 3556 lsrael
851 3517 886 3555 eo
901 3497 985 3554 modo
1000 3495 1244 3570 significarentur:
1265 3491 1311 3547 hic

212 3595 281 3633 vero
301 3585 332 3633 et
351 3578 497 3652 AEgyptus
518 3589 547 3634 et
564 3579 686 3653 AEgypti
706 3579 829 3652 populus
853 3597 911 3634 non
936 3575 1168 3633 simulachrorum
1190 3570 1311 3644 amplius

211 3655 323 3713 futurus
337 3658 456 3722 canitur,
471 3658 522 3714 sed
535 3660 597 3732 ejus
613 3659 729 3715 Domini
748 3659 796 3731 qui
811 3659 885 3732 apud
898 3657 1062 3713 Judoeorum
1083 3653 1237 3727 propbetas
1259 3667 1310 3723 pro

212 3735 277 3793 Deo
291 3737 457 3794 celebratur.
500 3739 572 3806 Quae
587 3738 611 3794 si
625 3738 714 3794 oculis
727 3739 867 3811 completa
883 3756 940 3793 non
954 3743 1117 3796 cernuntur,
1133 3751 1170 3788 ne
1184 3731 1310 3786 dicamus

211 3833 280 3872 saue
301 3817 453 3873 adventum
473 3818 553 3874 illum
568 3817 694 3883 Domini,
710 3818 807 3893 qui-in
826 3818 986 3892 AEgyptum
1007 3815 1118 3872 futurus
1138 3810 1309 3885 praedicitur‚

162 3963 166 3970 .
211 3894 298 3953 fuisse
325 3897 425 3954 adhuc.
468 3898 526 3954 Sed
553 3897 576 3954 si
605 3915 690 3971 supro
714 3916 827 3954 omnem
856 3897 995 3952 rationem
1022 3894 1107 3950 rebus
1134 3891 1220 3947 fidem
1249 3888 1310 3962 ipsa

210 3975 315 4032 veritas
332 3976 410 4043 facit,
427 3986 511 4051 atque
533 3977 618 4033 etiam
638 3977 795 4034 rudissimis
815 3987 844 4034 et
866 3994 951 4032 sensu
971 3973 1049 4030 omni
1070 3970 1231 4028 carentibus
1251 3969 1309 4025 evi·

211 4053 311 4111 denter
325 4056 449 4112 ostendit
463 4057 540 4131 ipsos
555 4057 710 4132 AEgyptios
728 4056 764 4112 ab
783 4074 816 4112 ea
836 4055 1035 4128 superstitione
1049 4051 1209 4114 recessisse,
1225 4067 1310 4123 quam

210 4152 299 4207 usqne
313 4134 348 4191 sb
362 4135 442 4192 initio
457 4154 475 4191 ο
488 4137 614 4210 patribus
628 4137 685 4192 suis
700 4142 875 4207 acceperant,
890 4133 984 4207 illique
999 4131 1064 4188 Deo
1082 4131 1245 4195 adhaesiase,
1261 4127 1309 4202 qui

210 4231 228 4270 a
247 4213 393 4288 prophetis
414 4216 474 4272 haec
492 4217 553 4290 ipss
574 4214 763 4272 divinantibus
784 4213 938 4278 colebatur,
953 4221 983 4269 et
999 4213 1086 4269 unum
1105 4211 1181 4268 bunc
1195 4208 1309 4265 interim

209 4293 312 4358 colere,
327 4313 418 4368 neque
433 4296 519 4352 ullam
533 4304 652 4353 mortem
668 4311 797 4351 recusare
811 4311 864 4367 pro
878 4293 955 4350 cultu
965 4301 995 4349 et
1008 4292 1113 4366 pietate
1126 4307 1196 4364 erga
1209 4287 1286 4345 illum
1301 4306 1307 4339 :
