3130 4722
177 283 180 290 r
261 223 326 291 688
712 226 897 292 EUSEBll
1343 249 1375 311 p.
1385 247 1508 310 344-

263 397 361 491 ίσχύϊ
388 395 513 500 Κύριος,
546 403 605 474 καὶ
637 397 667 475 έν
696 404 733 507 τῇ
761 392 835 510 θίξη
863 397 918 475 τού
945 399 1103 500 οἰήματος
1135 399 1247 495 Κυρίου
1279 399 1364 476 oeli

262 520 368 600 τούτων
386 518 582 626 ὑπάρξουσι·
613 515 691 600 θιύτι
712 524 757 600 νῦν
775 517 1079 623 μεγαλυνθήσοιτοιι
1100 520 1160 606 ἕως
1182 521 1288 629 οἷιιρονν
1306 520 1364 613 riis

223 646 338 747 ιιγής,
361 654 420 726 καὶ
450 647 545 726 lum
574 645 656 738 αὕτη
681 651 785 750 εἰρήνη.
836 647 918 726 Τίνι
946 645 983 726 δὲ
1010 647 1112 726 ἔσται
1134 650 1224 747 αὕτη
1244 650 1385 749 εἰρήνης

165 823 169 830 -
262 770 390 872 ἀλλ’ἢ
418 777 462 876 τῇ
489 779 548 878 γῇ,
574 775 611 852 ἐν
638 769 662 876 ᾗ
689 771 1024 873 μεγαλυνθήσονται
1052 772 1098 852 τὰ
1125 775 1272 870 ποίμνια
1301 783 1364 854 τοῦ

265 899 424 1001 Κυρίου;
464 901 535 976 Καὶ
558 897 724 978 τοῦτοδὲ
750 899 874 978 ὁποίου
897 898 1020 982 τέλους
1045 899 1146 1003 έτυχε
1170 899 1262 996 μετὰ
1279 898 1364 998 ἀτὴν

262 1034 326 1104 τοῦ
347 1031 513 1129 Σωτῆρος
531 1027 631 1124 ἡμῶν
642 1028 765 1125 Ἰησοῦ
785 1033 949 1130 Χριστοῦ
966 1030 1170 1129 παρουσίαν
1187 1028 1298 1108 παντί
1311 1062 1363 1134 τω

223 1152 457 1254 οοπρόδηλον.
508 1157 659 1251 Πολλῆς
677 1151 749 1254 γὰρ
768 1156 878 1251 οὔσης
896 1151 967 1256 πρὸ
986 1152 1112 1233 τούτου
1131 1155 1362 1256 πολυαρχίας,

262 1281 320 1358 καὶ
344 1285 417 1357 τῶν
441 1281 552 1359 ἐθνῶν
570 1278 738 1359 ἁπάντων
756 1278 1043 1380 τυραννουμένων
1066 1277 1090 1378 ἢ
1116 1284 1360 1380 δημοκρατου-
1373 1319 1406 1354 10

261 1403 387 1501 μένων,
423 1408 471 1489 ὡς
507 1406 680 1504 μηδεμίαν
715 1403 806 1507 πρὸς
842 1403 1030 1503 ἀλλήλους
1066 1406 1245 1510 ἐπιμιξίαν
1281 1406 1364 1491 τοὺς

262 1531 470 1634 ἀνθρώπους
497 1531 600 1635 ἔχειν,
619 1531 712 1615 ἰδίως
740 1531 789 1628 δέ,
808 1531 893 1636 Φέρε
921 1537 1038 1629 εἰπεῖν,
1058 1534 1265 1633 Αἰγυπτίων
1294 1532 1364 1613 ὑπὸ

262 1659 375 1764 οἰκείῳ
402 1661 549 1761 ἄρχοντι
576 1659 877 1757 βασιλευομένων,
897 1662 955 1738 καὶ
980 1658 1152 1760 Ἀράβων
1180 1660 1362 1756 ὡσαύτως,

261 1787 319 1861 καὶ
338 1785 545 1881 Ἰδουμαίων
564 1785 738 1863 Φοινίκων
757 1818 796 1863 τε
821 1787 879 1864 καὶ
906 1782 1032 1886 Σύρων
1057 1787 1115 1864 καὶ
1140 1789 1213 1862 τῶν
1236 1784 1403 1873 ἅλλωνΡ·
1414 1807 1481 1874 345

261 1909 383 2003 ἐθνῶν,
418 1909 707 2004 ἐπανισταμένων
744 1944 783 1990 τε
824 1911 935 1990 έθνῶν
972 1909 1091 1989 έθνεσι
1127 1913 1186 1989 καὶ
1220 1909 1362 1990 πόλεων

260 2031 403 2130 πόλεσι,
427 2041 643 2137 πολιορκιῶν
671 2069 709 2114 τε
736 2037 870 2138 μυρίων
898 2039 956 2116 καὶ
984 2042 1243 2138 αἱχμαλωσιῶν
1271 2035 1362 2115 κατὰ

260 2159 379 2238 πάντα
396 2156 508 2238 τύπον
525 2193 564 2238 τε
583 2164 642 2241 καὶ
660 2161 782 2266 χώραν
800 2161 1089 2257 ἐπιτελουμένων,
1106 2160 1225 2260 ἐπειδὴ
1243 2166 1384 2263 παρῆνο

261 2288 281 2364 ὁ
316 2284 442 2388 Σωτὴρ
474 2291 532 2366 καὶ
565 2287 708 2390 Κύριος,
737 2289 826 2386 ὁμοῦ
858 2294 902 2392 τῇ
934 2294 982 2370 εἰς
1013 2287 1221 2390 ἀνθρώπους
1254 2290 1362 2370 αὐτοῦ

259 2411 414 2520 παρόδῳ,
446 2414 590 2515 πρώτου
618 2449 657 2494 τε
681 2416 868 2513 Ῥωμαίων
900 2414 1113 2515 Αὐγούστου
1145 2421 1217 2496 τῶν
1249 2417 1360 2495 ε’θνῶν

258 2538 570 2641 ε’πικρατήσαισος,
589 2541 722 2621 λέλυτυ
751 2540 816 2639 μὲν
843 2542 865 2641 ἡ
890 2541 1046 2640 πλείστη
1071 2543 1286 2645 πολυαρχία,
1305 2550 1354 2620 εἱ·

258 2667 347 2769 ρήνη
366 2668 404 2748 δέ
423 2671 637 2768 διελάμβανε
654 2669 721 2770 τήν
738 2672 940 2769 σύμπασαν
958 2675 1100 2775 γήν,τῇ
1125 2669 1217 2768 μετὰ
1240 2677 1359 2774 χεῖρας
1370 2717 1402 2752 ιο

259 2798 463 2883 ἀκολούθως
488 2799 685 2902 προρρήσει
711 2799 902 2902 διαρρήδην
921 2797 1077 2905 φησύση
1101 2802 1183 2901 περὶ
1207 2805 1277 2877 τῶν
1294 2808 1358 2878 τοῦ

706 2957 782 3028 dri„
796 2961 857 3015 ιιι.
876 2961 907 3015 r.

256 3076 349 3150 gloria
363 3081 477 3134 nominis
496 3079 606 3134 Doiiiini
619 3080 675 3137 Dei
688 3081 805 3154 ιριοτυιο
820 3084 942 3137 existent.
987 3080 1122 3144 Quoniam
1143 3097 1213 3136 nunc
1233 3079 1358 3150 mugnyr'-

259 3157 491 3230 calculorumque
504 3161 540 3214 αθ
558 3167 678 3216 retronea
699 3168 798 3217 lerrae:
819 3168 846 3217 et
867 3161 919 3216 erit
940 3161 996 3218 λιες
1015 3179 1079 3232 ραν.
1124 3159 1178 3216 Cui
1198 3178 1282 3234 porro
1303 3157 1358 3214 erit

261 3235 322 3293 hoec
332 3257 398 3314 pax,
411 3237 464 3294 niei
475 3247 557 3296 terrae
568 3240 597 3295 in
610 3258 666 3315 quo
677 3241 933 3316 magnificabuntur
943 3259 1048 3315 greges
1056 3240 1172 3297 Domini
1184 3239 1195 3296 ἓ
1218 3239 1251 3296 Id
1264 3240 1357 3313 ipsum

260 3326 364 3382 entem,
380 3337 463 3393 quem
485 3319 570 3376 finem
592 3321 724 3378 eortitum
745 3322 782 3378 eit
803 3330 866 3396 post
885 3319 1041 3378 Salvatoris
1061 3321 1150 3378 nostri
1165 3320 1235 3376 Jeeu
1250 3318 1358 3376 Christi

260 3398 422 3464 adventum.
438 3400 543 3457 nemini
564 3401 714 3458 obscurum
736 3421 798 3458 esee
818 3411 931 3476 potest:
955 3421 1021 3459 unm
1036 3419 1123 3476 quum
1137 3409 1203 3458 ente
1216 3401 1292 3456 hunc
1307 3399 1357 3456 ad·

259 3489 375 3537 ventum
403 3481 561 3555 principum
588 3492 664 3540 esset
693 3483 852 3546 multitudo,
881 3492 910 3538 et
938 3483 1074 3538 universe
1101 3491 1203 3557 genten
1228 3490 1278 3538 eut
1305 3481 1357 3536 sub

258 3562 386 3635 tyrannis
406 3570 454 3618 out
474 3562 503 3618 in
522 3571 598 3618 statu
618 3565 745 3637 populari
767 3571 862 3620 esseut
882 3564 1052 3630 constitutae,
1069 3571 1100 3618 ut
1114 3562 1221 3618 nullum
1235 3562 1310 3617 inter
1326 3579 1358 3618 ee

258 3641 458 3698 commercium
480 3642 610 3699 homines
631 3645 777 3711 heberent,
793 3644 843 3700 sed
865 3643 1006 3717 privatim.
1023 3642 1144 3717 exempli
1165 3643 1267 3718 gretia,
1282 3639 1357 3715 opud

258 3721 413 3797 AEgyptioe
427 3741 495 3780 eune
509 3724 639 3798 princepe
652 3733 794 3798 regnaret,
810 3725 884 3799 apud
898 3725 1009 3780 Arabae
1023 3723 1091 3781 item
1107 3741 1184 3788 suus,
1199 3722 1274 3796 apud
1289 3721 1356 3778 Idu·

260 3821 356 3867 mmoe,
369 3803 525 3871 Phoenices,
536 3803 634 3879 Syros.
646 3804 769 3879 eliaeque
783 3805 852 3861 item
866 3813 976 3880 gentes,
986 3823 1128 3879 quumque
1141 3812 1243 3878 gentes
1257 3803 1356 3859 adver·

259 3901 307 3938 rue
321 3893 423 3956 gentes
436 3893 465 3940 et
479 3884 607 3942 civitatee
621 3885 755 3942 oduei-ene
769 3885 897 3941 civitatee
911 3894 1125 3960 consurgerent,
1140 3883 1357 3957 obsidioneeque

258 3961 476 4021 innumerabiles
490 3973 519 4022 et
532 3965 709 4039 captivitate·
723 3985 774 4040 per
789 3984 903 4022 omnem
918 3965 1010 4022 locum
1025 3983 1058 4022 ec
1078 3966 1225 4040 regionem
1246 3965 1356 4027 fierent,

259 4051 320 4098 turn
333 4060 402 4098 vero
422 4043 470 4099 nbi
492 4045 623 4102 Salvator
643 4054 740 4103 noster
759 4065 792 4103 ec
806 4046 945 4102 Dominus
959 4047 1048 4110 affuit,
1064 4065 1121 4102 una
1140 4065 1205 4102 cnm
1226 4045 1300 4101 illiue
1320 4043 1357 4100 ed

259 4122 388 4178 hominen
402 4122 535 4189 adventu,
547 4127 607 4200 jem
621 4135 682 4183 tum
704 4127 794 4202 primo
811 4128 1003 4184 Romanorum
1018 4129 1150 4201 Augusto
1164 4126 1311 4200 imperium
1326 4124 1355 4180 in

259 4201 335 4256 orbie
350 4201 478 4258 natione·
493 4204 647 4270 obtinente.
662 4208 773 4264 solutue
793 4207 868 4264 illico
889 4217 932 4264 eet
946 4207 992 4264 ille
1012 4207 1158 4281 multiplex
1173 4206 1354 4280 principatus,

258 4289 288 4335 et
302 4299 357 4352 pax
379 4281 537 4337 universnm
556 4293 661 4341 terrum
683 4288 799 4362 occepit.
820 4289 846 4344 ei
865 4288 1019 4361 prophetiae
1038 4307 1100 4361 (ηοω
1122 4305 1196 4344 nunc
1217 4295 1356 4343 tractetur
