<?xml version="1.0" encoding="UTF-8"?>
<!DOCTYPE html PUBLIC "-//W3C//DTD XHTML 1.0 Transitional//EN"
    "http://www.w3.org/TR/xhtml1/DTD/xhtml1-transitional.dtd">
<html xmlns="http://www.w3.org/1999/xhtml" xml:lang="en" lang="en">
 <head>
  <title>
</title>
<meta http-equiv="Content-Type" content="text/html;charset=utf-8" />
  <meta name='ocr-system' content='tesseract 3.04.00' />
  <meta name='ocr-capabilities' content='ocr_page ocr_carea ocr_par ocr_line ocrx_word'/>
</head>
<body>
  <div class='ocr_page' id='page_1' title='image "./evangelicaedemo00donagoog/evangelicaedemo00donagoog_0364.png"; bbox 0 0 3120 4716; ppageno 0'>
   <div class='ocr_carea' id='block_1_1' title="bbox 63 265 1311 346">
    <p class='ocr_par' dir='ltr' id='par_1_1' title="bbox 63 265 1311 346">
     <span class='ocr_line' id='line_1_1' title="bbox 63 265 1311 346; baseline 0.001 -13"><span class='ocrx_word' id='word_1_1' title='bbox 63 282 197 346; x_wconf 83' lang='lat'><strong>-443·</strong></span> <span class='ocrx_word' id='word_1_2' title='bbox 465 265 694 331; x_wconf 89' lang='lat' dir='ltr'><strong>DEMONST.</strong></span> <span class='ocrx_word' id='word_1_3' title='bbox 718 266 888 332; x_wconf 81' lang='lat' dir='ltr'>EVANG.</span> <span class='ocrx_word' id='word_1_4' title='bbox 913 267 979 331; x_wconf 91' lang='lat' dir='ltr'>IX.</span> <span class='ocrx_word' id='word_1_5' title='bbox 999 287 1047 330; x_wconf 88' lang='lat'>10.</span> <span class='ocrx_word' id='word_1_6' title='bbox 1246 270 1311 334; x_wconf 76' lang='lat'>877</span> 
     </span>
    </p>
   </div>
   <div class='ocr_carea' id='block_1_2' title="bbox 208 425 1312 660">
    <p class='ocr_par' dir='ltr' id='par_1_2' title="bbox 208 425 1312 660">
     <span class='ocr_line' id='line_1_2' title="bbox 208 425 1312 534; baseline 0.004 -30"><span class='ocrx_word' id='word_1_7' title='bbox 208 427 317 522; x_wconf 75' lang='lat' dir='ltr'>adreci,</span> <span class='ocrx_word' id='word_1_8' title='bbox 336 425 515 533; x_wconf 66' lang='grc' dir='ltr'>προσῆλθον</span> <span class='ocrx_word' id='word_1_9' title='bbox 544 434 634 534; x_wconf 75' lang='grc' dir='ltr'>αὐτῷ</span> <span class='ocrx_word' id='word_1_10' title='bbox 659 439 686 508; x_wconf 83' lang='lat' dir='ltr'>oi</span> <span class='ocrx_word' id='word_1_11' title='bbox 719 428 867 532; x_wconf 73' lang='grc' dir='ltr'>μαθηταὶ</span> <span class='ocrx_word' id='word_1_12' title='bbox 893 431 1001 524; x_wconf 70' lang='grc' dir='ltr'>αὑτοῦ,</span> <span class='ocrx_word' id='word_1_13' title='bbox 1026 433 1084 508; x_wconf 68' lang='grc' dir='ltr'>καὶ</span> <span class='ocrx_word' id='word_1_14' title='bbox 1112 428 1249 534; x_wconf 72' lang='grc' dir='ltr'>ἀνοίξας</span> <span class='ocrx_word' id='word_1_15' title='bbox 1277 431 1312 509; x_wconf 77' lang='lat' dir='ltr'>rb</span> 
     </span>
     <span class='ocr_line' id='line_1_3' title="bbox 209 548 1312 660; baseline 0.004 -32"><span class='ocrx_word' id='word_1_16' title='bbox 209 551 325 654; x_wconf 82' lang='grc' dir='ltr'>στίριιι</span> <span class='ocrx_word' id='word_1_17' title='bbox 343 555 440 630; x_wconf 73' lang='grc' dir='ltr'>αὑτοῦ</span> <span class='ocrx_word' id='word_1_18' title='bbox 459 548 633 632; x_wconf 70' lang='grc' dir='ltr'>ἑθλθιισιιεν</span> <span class='ocrx_word' id='word_1_19' title='bbox 652 552 781 650; x_wconf 68' lang='grc' dir='ltr'>αὐτοῖς,</span> <span class='ocrx_word' id='word_1_20' title='bbox 801 551 918 655; x_wconf 70' lang='grc' dir='ltr'>λε’γων,</span> <span class='ocrx_word' id='word_1_21' title='bbox 939 553 1112 660; x_wconf 84' lang='grc' dir='ltr'>Μιιιωῖριιι</span> <span class='ocrx_word' id='word_1_22' title='bbox 1134 563 1161 632; x_wconf 82' lang='grc' dir='ltr'>οἱ</span> <span class='ocrx_word' id='word_1_23' title='bbox 1180 561 1312 651; x_wconf 68' lang='grc' dir='ltr'>πτωχοὶ</span> 
     </span>
    </p>
   </div>
   <div class='ocr_carea' id='block_1_3' title="bbox 186 677 1474 2532">
    <p class='ocr_par' dir='ltr' id='par_1_3' title="bbox 186 677 1474 2412">
     <span class='ocr_line' id='line_1_4' title="bbox 209 677 1309 782; baseline 0.004 -28"><span class='ocrx_word' id='word_1_24' title='bbox 209 685 256 781; x_wconf 76' lang='grc' dir='ltr'>τῷ</span> <span class='ocrx_word' id='word_1_25' title='bbox 285 677 463 780; x_wconf 80' lang='grc' dir='ltr'>πιειίματι,</span> <span class='ocrx_word' id='word_1_26' title='bbox 491 677 537 756; x_wconf 81' lang='grc' dir='ltr'>’ίτι</span> <span class='ocrx_word' id='word_1_27' title='bbox 568 678 672 758; x_wconf 77' lang='grc' dir='ltr'>αὐτοῖν</span> <span class='ocrx_word' id='word_1_28' title='bbox 705 679 790 758; x_wconf 75' lang='grc' dir='ltr'>ἐστὶν</span> <span class='ocrx_word' id='word_1_29' title='bbox 823 683 841 772; x_wconf 73' lang='grc' dir='ltr'><em>ἦ</em></span> <span class='ocrx_word' id='word_1_30' title='bbox 870 682 1042 768; x_wconf 80' lang='grc' dir='ltr'>βασιλεία</span> <span class='ocrx_word' id='word_1_31' title='bbox 1073 679 1133 758; x_wconf 74' lang='grc' dir='ltr'>τοῖν</span> <span class='ocrx_word' id='word_1_32' title='bbox 1167 678 1309 782; x_wconf 76' lang='grc' dir='ltr'>οὐρανοῖς.</span> 
     </span>
     <span class='ocr_line' id='line_1_5' title="bbox 186 799 1313 907; baseline 0.01 -32"><span class='ocrx_word' id='word_1_33' title='bbox 186 804 284 879; x_wconf 82' lang='grc' dir='ltr'>όΚοιὶ</span> <span class='ocrx_word' id='word_1_34' title='bbox 311 807 465 906; x_wconf 87' lang='grc' dir='ltr'>τυφλοῖς</span> <span class='ocrx_word' id='word_1_35' title='bbox 493 799 531 880; x_wconf 79' lang='grc' dir='ltr'>δέ</span> <span class='ocrx_word' id='word_1_36' title='bbox 559 800 765 907; x_wconf 79' lang='grc' dir='ltr'>ἀνάβλεψιν</span> <span class='ocrx_word' id='word_1_37' title='bbox 789 805 1060 907; x_wconf 78' lang='grc' dir='ltr'>παρεσχημένος</span> <span class='ocrx_word' id='word_1_38' title='bbox 1088 805 1152 882; x_wconf 82' lang='grc' dir='ltr'>οὐκ</span> <span class='ocrx_word' id='word_1_39' title='bbox 1177 804 1313 904; x_wconf 83' lang='grc' dir='ltr'>ὀλίγοις</span> 
     </span>
     <span class='ocr_line' id='line_1_6' title="bbox 210 927 1474 1035; baseline 0 -29"><span class='ocrx_word' id='word_1_40' title='bbox 210 929 486 1030; x_wconf 74' lang='grc' dir='ltr'>ἀναγέγραπται,</span> <span class='ocrx_word' id='word_1_41' title='bbox 506 930 548 1007; x_wconf 82' lang='grc' dir='ltr'>οὐ</span> <span class='ocrx_word' id='word_1_42' title='bbox 570 927 680 1026; x_wconf 86' lang='grc' dir='ltr'>μόνον</span> <span class='ocrx_word' id='word_1_43' title='bbox 699 928 769 1032; x_wconf 87' lang='grc' dir='ltr'>γάρ</span> <span class='ocrx_word' id='word_1_44' title='bbox 788 938 860 1014; x_wconf 82' lang='grc' dir='ltr'>τοῖς</span> <span class='ocrx_word' id='word_1_45' title='bbox 884 929 948 1015; x_wconf 77' lang='grc' dir='ltr'>τὰς</span> <span class='ocrx_word' id='word_1_46' title='bbox 972 931 1076 1035; x_wconf 81' lang='grc' dir='ltr'>ὄψεις</span> <span class='ocrx_word' id='word_1_47' title='bbox 1101 940 1165 1009; x_wconf 82' lang='grc' dir='ltr'>τοῦ</span> <span class='ocrx_word' id='word_1_48' title='bbox 1187 932 1312 1029; x_wconf 82' lang='grc' dir='ltr'>σώμα-</span> <span class='ocrx_word' id='word_1_49' title='bbox 1320 967 1352 1028; x_wconf 92' lang='lat' dir='ltr'>p.</span> <span class='ocrx_word' id='word_1_50' title='bbox 1361 964 1423 1028; x_wconf 84' lang='lat'>443</span> <span class='ocrx_word' id='word_1_51' title='bbox 1472 1003 1474 1006; x_wconf 86' lang='grc'>.</span> 
     </span>
     <span class='ocr_line' id='line_1_7' title="bbox 210 1050 1311 1156; baseline 0.01 -28"><span class='ocrx_word' id='word_1_52' title='bbox 210 1085 271 1134; x_wconf 93' lang='grc' dir='ltr'>τος</span> <span class='ocrx_word' id='word_1_53' title='bbox 289 1052 544 1155; x_wconf 83' lang='grc' dir='ltr'>ήφανισμένοις</span> <span class='ocrx_word' id='word_1_54' title='bbox 562 1050 603 1130; x_wconf 82' lang='grc' dir='ltr'>τὸ</span> <span class='ocrx_word' id='word_1_55' title='bbox 622 1053 771 1147; x_wconf 80' lang='grc' dir='ltr'>βλέπειν</span> <span class='ocrx_word' id='word_1_56' title='bbox 789 1057 959 1156; x_wconf 82' lang='grc' dir='ltr'>ἐδωρεῖτο,</span> <span class='ocrx_word' id='word_1_57' title='bbox 979 1053 1080 1133; x_wconf 85' lang='grc' dir='ltr'>ἀλλά</span> <span class='ocrx_word' id='word_1_58' title='bbox 1099 1089 1140 1154; x_wconf 91' lang='grc' dir='ltr'>γε</span> <span class='ocrx_word' id='word_1_59' title='bbox 1163 1059 1221 1134; x_wconf 83' lang='grc' dir='ltr'>καὶ</span> <span class='ocrx_word' id='word_1_60' title='bbox 1239 1065 1311 1140; x_wconf 88' lang='grc' dir='ltr'>τοῖς</span> 
     </span>
     <span class='ocr_line' id='line_1_8' title="bbox 209 1172 1312 1282; baseline 0.005 -28"><span class='ocrx_word' id='word_1_61' title='bbox 209 1172 402 1278; x_wconf 69' lang='grc' dir='ltr'>ιπρότερον</span> <span class='ocrx_word' id='word_1_62' title='bbox 419 1183 465 1280; x_wconf 81' lang='grc' dir='ltr'>τῇ</span> <span class='ocrx_word' id='word_1_63' title='bbox 483 1182 587 1282; x_wconf 83' lang='grc' dir='ltr'>ψυχῇ</span> <span class='ocrx_word' id='word_1_64' title='bbox 605 1179 882 1282; x_wconf 82' lang='grc' dir='ltr'>τυφλοίττουσιν</span> <span class='ocrx_word' id='word_1_65' title='bbox 904 1179 1014 1263; x_wconf 78' lang='grc' dir='ltr'>αἴτιος</span> <span class='ocrx_word' id='word_1_66' title='bbox 1032 1184 1095 1277; x_wconf 80' lang='grc' dir='ltr'>τῆς</span> <span class='ocrx_word' id='word_1_67' title='bbox 1114 1180 1205 1258; x_wconf 89' lang='grc' dir='ltr'>κατά</span> <span class='ocrx_word' id='word_1_68' title='bbox 1228 1189 1312 1259; x_wconf 81' lang='grc' dir='ltr'>νοῦν</span> 
     </span>
     <span class='ocr_line' id='line_1_9' title="bbox 211 1304 1334 1408; baseline 0.006 -25"><span class='ocrx_word' id='word_1_69' title='bbox 211 1304 356 1406; x_wconf 89' lang='grc' dir='ltr'>θεωρίας</span> <span class='ocrx_word' id='word_1_70' title='bbox 375 1307 432 1383; x_wconf 79' lang='grc' dir='ltr'>καὶ</span> <span class='ocrx_word' id='word_1_71' title='bbox 451 1309 514 1402; x_wconf 79' lang='grc' dir='ltr'>τῆς</span> <span class='ocrx_word' id='word_1_72' title='bbox 532 1309 757 1406; x_wconf 71' lang='grc' dir='ltr'>ἐπιγνώσεως</span> <span class='ocrx_word' id='word_1_73' title='bbox 768 1315 832 1385; x_wconf 85' lang='grc' dir='ltr'>τοῦ</span> <span class='ocrx_word' id='word_1_74' title='bbox 846 1313 918 1384; x_wconf 80' lang='grc' dir='ltr'>τῶν</span> <span class='ocrx_word' id='word_1_75' title='bbox 932 1305 1029 1385; x_wconf 83' lang='grc' dir='ltr'>ὅλων</span> <span class='ocrx_word' id='word_1_76' title='bbox 1043 1313 1138 1385; x_wconf 84' lang='grc' dir='ltr'>Θεοῦ</span> <span class='ocrx_word' id='word_1_77' title='bbox 1152 1306 1334 1408; x_wconf 79' lang='grc' dir='ltr'>γε’γονεν.ι</span> 
     </span>
     <span class='ocr_line' id='line_1_10' title="bbox 187 1429 1311 1534; baseline -0.001 -24"><span class='ocrx_word' id='word_1_78' title='bbox 187 1432 284 1510; x_wconf 80' lang='grc' dir='ltr'>ιΚαὶ</span> <span class='ocrx_word' id='word_1_79' title='bbox 303 1430 427 1512; x_wconf 78' lang='grc' dir='ltr'>ἄλλως</span> <span class='ocrx_word' id='word_1_80' title='bbox 444 1429 481 1508; x_wconf 80' lang='grc' dir='ltr'>δέ</span> <span class='ocrx_word' id='word_1_81' title='bbox 499 1439 572 1514; x_wconf 91' lang='grc' dir='ltr'>τοῖς</span> <span class='ocrx_word' id='word_1_82' title='bbox 590 1432 672 1510; x_wconf 86' lang='grc' dir='ltr'>οὖσι</span> <span class='ocrx_word' id='word_1_83' title='bbox 692 1434 849 1528; x_wconf 83' lang='grc' dir='ltr'>δεσμίοις</span> <span class='ocrx_word' id='word_1_84' title='bbox 867 1435 925 1510; x_wconf 84' lang='grc' dir='ltr'>καὶ</span> <span class='ocrx_word' id='word_1_85' title='bbox 948 1433 1164 1531; x_wconf 78' lang='grc' dir='ltr'>ἀπηγμένοις</span> <span class='ocrx_word' id='word_1_86' title='bbox 1183 1437 1311 1534; x_wconf 78' lang='grc' dir='ltr'>αἰχμα-</span> 
     </span>
     <span class='ocr_line' id='line_1_11' title="bbox 210 1553 1312 1658; baseline 0.001 -25"><span class='ocrx_word' id='word_1_87' title='bbox 210 1553 338 1639; x_wconf 81' lang='grc' dir='ltr'>λιάτοις</span> <span class='ocrx_word' id='word_1_88' title='bbox 357 1554 426 1636; x_wconf 77' lang='grc' dir='ltr'>ὑπὸ</span> <span class='ocrx_word' id='word_1_89' title='bbox 444 1560 507 1654; x_wconf 81' lang='grc' dir='ltr'>τῆς</span> <span class='ocrx_word' id='word_1_90' title='bbox 525 1556 678 1658; x_wconf 82' lang='grc' dir='ltr'>ἀοράτου</span> <span class='ocrx_word' id='word_1_91' title='bbox 696 1561 755 1637; x_wconf 84' lang='grc' dir='ltr'>καὶ</span> <span class='ocrx_word' id='word_1_92' title='bbox 772 1562 975 1655; x_wconf 78' lang='grc' dir='ltr'>δοιιμονικῆς</span> <span class='ocrx_word' id='word_1_93' title='bbox 990 1557 1179 1655; x_wconf 82' lang='grc' dir='ltr'>δυνάμεως,</span> <span class='ocrx_word' id='word_1_94' title='bbox 1193 1564 1312 1636; x_wconf 83' lang='grc' dir='ltr'>κακῶν</span> 
     </span>
     <span class='ocr_line' id='line_1_12' title="bbox 210 1681 1311 1785; baseline 0.002 -26"><span class='ocrx_word' id='word_1_95' title='bbox 210 1714 249 1759; x_wconf 89' lang='grc' dir='ltr'>τε</span> <span class='ocrx_word' id='word_1_96' title='bbox 266 1689 400 1783; x_wconf 85' lang='grc' dir='ltr'>σειραῖς</span> <span class='ocrx_word' id='word_1_97' title='bbox 417 1681 680 1780; x_wconf 78' lang='grc' dir='ltr'>πεπεδημένοις,</span> <span class='ocrx_word' id='word_1_98' title='bbox 695 1684 897 1785; x_wconf 82' lang='grc' dir='ltr'>ἐλευθερίαν</span> <span class='ocrx_word' id='word_1_99' title='bbox 914 1685 972 1760; x_wconf 82' lang='grc' dir='ltr'>καὶ</span> <span class='ocrx_word' id='word_1_100' title='bbox 991 1683 1115 1760; x_wconf 83' lang='grc' dir='ltr'>ἀνεσιν</span> <span class='ocrx_word' id='word_1_101' title='bbox 1133 1688 1206 1761; x_wconf 81' lang='grc' dir='ltr'>τῶν</span> <span class='ocrx_word' id='word_1_102' title='bbox 1224 1715 1311 1761; x_wconf 92' lang='grc' dir='ltr'>συν-</span> 
     </span>
     <span class='ocr_line' id='line_1_13' title="bbox 211 1803 1313 1914; baseline 0.003 -31"><span class='ocrx_word' id='word_1_103' title='bbox 211 1803 365 1910; x_wconf 85' lang='grc' dir='ltr'>εχάντων</span> <span class='ocrx_word' id='word_1_104' title='bbox 390 1807 585 1910; x_wconf 83' lang='grc' dir='ltr'>ἐκήρυττεν,</span> <span class='ocrx_word' id='word_1_105' title='bbox 605 1814 633 1886; x_wconf 85' lang='grc' dir='ltr'>εί</span> <span class='ocrx_word' id='word_1_106' title='bbox 659 1812 718 1887; x_wconf 87' lang='grc' dir='ltr'>καὶ</span> <span class='ocrx_word' id='word_1_107' title='bbox 742 1810 841 1887; x_wconf 83' lang='grc' dir='ltr'>αὐτοὶ</span> <span class='ocrx_word' id='word_1_108' title='bbox 868 1815 920 1914; x_wconf 77' lang='grc' dir='ltr'>τῴ</span> <span class='ocrx_word' id='word_1_109' title='bbox 940 1807 1139 1909; x_wconf 80' lang='grc' dir='ltr'>κηρύγματι</span> <span class='ocrx_word' id='word_1_110' title='bbox 1165 1808 1313 1886; x_wconf 84' lang='grc' dir='ltr'>πιστεύ-</span> 
     </span>
     <span class='ocr_line' id='line_1_14' title="bbox 211 1931 1353 2038; baseline 0 -29"><span class='ocrx_word' id='word_1_111' title='bbox 211 1965 341 2016; x_wconf 88' lang='grc' dir='ltr'>σαντες</span> <span class='ocrx_word' id='word_1_112' title='bbox 369 1931 426 2012; x_wconf 77' lang='lat' dir='ltr'>oia</span> <span class='ocrx_word' id='word_1_113' title='bbox 450 1940 639 2038; x_wconf 68' lang='grc' dir='ltr'>’λυτρωτῇ</span> <span class='ocrx_word' id='word_1_114' title='bbox 662 1937 720 2013; x_wconf 81' lang='grc' dir='ltr'>καὶ</span> <span class='ocrx_word' id='word_1_115' title='bbox 743 1939 883 2035; x_wconf 79' lang='grc' dir='ltr'>Σωτῆρι</span> <span class='ocrx_word' id='word_1_116' title='bbox 911 1931 1178 2035; x_wconf 86' lang='grc' dir='ltr'>προσδράμοιεν</span> <span class='ocrx_word' id='word_1_117' title='bbox 1205 1934 1310 2037; x_wconf 69' lang='grc' dir='ltr'>αὐτῷ,</span> <span class='ocrx_word' id='word_1_118' title='bbox 1323 1967 1353 2001; x_wconf 85' lang='grc' dir='ltr'>ιο</span> 
     </span>
     <span class='ocr_line' id='line_1_15' title="bbox 210 2057 1341 2161; baseline 0 -25"><span class='ocrx_word' id='word_1_119' title='bbox 210 2061 268 2136; x_wconf 84' lang='grc' dir='ltr'>καὶ</span> <span class='ocrx_word' id='word_1_120' title='bbox 286 2065 360 2140; x_wconf 91' lang='grc' dir='ltr'>τοῖς</span> <span class='ocrx_word' id='word_1_121' title='bbox 377 2059 485 2137; x_wconf 84' lang='grc' dir='ltr'>αὐτοῦ</span> <span class='ocrx_word' id='word_1_122' title='bbox 502 2065 679 2138; x_wconf 88' lang='grc' dir='ltr'>πεισθεῖεν</span> <span class='ocrx_word' id='word_1_123' title='bbox 696 2058 992 2161; x_wconf 73' lang='grc' dir='ltr'>παραγγέλμασι.</span> <span class='ocrx_word' id='word_1_124' title='bbox 1046 2062 1119 2137; x_wconf 84' lang='grc' dir='ltr'>Καὶ</span> <span class='ocrx_word' id='word_1_125' title='bbox 1137 2057 1182 2137; x_wconf 88' lang='grc' dir='ltr'>τά</span> <span class='ocrx_word' id='word_1_126' title='bbox 1202 2057 1341 2137; x_wconf 74' lang='grc' dir='ltr'>λοιπάο</span> 
     </span>
     <span class='ocr_line' id='line_1_16' title="bbox 211 2179 1312 2286; baseline -0.001 -26"><span class='ocrx_word' id='word_1_127' title='bbox 211 2179 248 2260; x_wconf 79' lang='grc' dir='ltr'>δέ</span> <span class='ocrx_word' id='word_1_128' title='bbox 267 2189 330 2260; x_wconf 86' lang='grc' dir='ltr'>τοῦ</span> <span class='ocrx_word' id='word_1_129' title='bbox 351 2184 477 2284; x_wconf 85' lang='grc' dir='ltr'>λογίου</span> <span class='ocrx_word' id='word_1_130' title='bbox 495 2181 586 2263; x_wconf 85' lang='grc' dir='ltr'>κατὰ</span> <span class='ocrx_word' id='word_1_131' title='bbox 604 2181 726 2285; x_wconf 83' lang='grc' dir='ltr'>καιρὸν</span> <span class='ocrx_word' id='word_1_132' title='bbox 742 2186 780 2262; x_wconf 83' lang='grc' dir='ltr'>ἐν</span> <span class='ocrx_word' id='word_1_133' title='bbox 800 2191 873 2267; x_wconf 91' lang='grc' dir='ltr'>τοῖς</span> <span class='ocrx_word' id='word_1_134' title='bbox 889 2187 970 2286; x_wconf 85' lang='grc' dir='ltr'>περὶ</span> <span class='ocrx_word' id='word_1_135' title='bbox 988 2189 1061 2262; x_wconf 82' lang='grc' dir='ltr'>τῶν</span> <span class='ocrx_word' id='word_1_136' title='bbox 1085 2186 1312 2283; x_wconf 84' lang='grc' dir='ltr'>ἐπαγγελιῶν</span> 
     </span>
     <span class='ocr_line' id='line_1_17' title="bbox 211 2305 504 2412; baseline 0.01 -28"><span class='ocrx_word' id='word_1_137' title='bbox 211 2305 504 2412; x_wconf 84' lang='grc' dir='ltr'>ἐξετασθήσεται.</span> 
     </span>
    </p>

    <p class='ocr_par' dir='ltr' id='par_1_4' title="bbox 539 2454 997 2532">
     <span class='ocr_line' id='line_1_18' title="bbox 539 2454 997 2532; baseline 0.007 -5"><span class='ocrx_word' id='word_1_138' title='bbox 539 2454 604 2528; x_wconf 75' lang='lat' dir='ltr'>ind</span> <span class='ocrx_word' id='word_1_139' title='bbox 631 2466 691 2528; x_wconf 73' lang='lat' dir='ltr'>noi</span> <span class='ocrx_word' id='word_1_140' title='bbox 715 2459 997 2532; x_wconf 74' lang='lat' dir='ltr'>semeeououior.</span> 
     </span>
    </p>
   </div>
   <div class='ocr_carea' id='block_1_4' title="bbox 155 2579 1545 2734">
    <p class='ocr_par' dir='ltr' id='par_1_5' title="bbox 155 2579 1545 2734">
     <span class='ocr_line' id='line_1_19' title="bbox 155 2579 1474 2728; baseline 0.003 -80"><span class='ocrx_word' id='word_1_141' title='bbox 155 2599 195 2649; x_wconf 90' lang='lat'>11</span> <span class='ocrx_word' id='word_1_142' title='bbox 262 2579 453 2675; x_wconf 77' lang='grc' dir='ltr'>Προφήτην</span> <span class='ocrx_word' id='word_1_143' title='bbox 477 2583 511 2650; x_wconf 82' lang='grc' dir='ltr'>ἐκ</span> <span class='ocrx_word' id='word_1_144' title='bbox 535 2587 600 2652; x_wconf 83' lang='grc' dir='ltr'>τῶν</span> <span class='ocrx_word' id='word_1_145' title='bbox 625 2581 778 2677; x_wconf 77' lang='grc' dir='ltr'>ἀδελφῶν</span> <span class='ocrx_word' id='word_1_146' title='bbox 803 2613 865 2653; x_wconf 89' lang='grc' dir='ltr'>σου</span> <span class='ocrx_word' id='word_1_147' title='bbox 890 2585 1067 2664; x_wconf 73' lang='grc' dir='ltr'>ἀναστήσει</span> <span class='ocrx_word' id='word_1_148' title='bbox 1091 2594 1163 2652; x_wconf 58' lang='grc' dir='ltr'>’σοι</span> <span class='ocrx_word' id='word_1_149' title='bbox 1191 2583 1337 2678; x_wconf 86' lang='grc' dir='ltr'>Κιίριοςο</span> <span class='ocrx_word' id='word_1_150' title='bbox 1352 2596 1474 2728; x_wconf 59' lang='grc' dir='ltr'>Περέτῖγς</span> 
     </span>
     <span class='ocr_line' id='line_1_20' title="bbox 1353 2697 1545 2734; baseline -0.01 -4"><span class='ocrx_word' id='word_1_151' title='bbox 1353 2697 1399 2730; x_wconf 67' lang='grc' dir='ltr'>ΝΤ</span> <span class='ocrx_word' id='word_1_152' title='bbox 1430 2697 1446 2728; x_wconf 71' lang='grc' dir='ltr'><strong>Τ</strong></span> <span class='ocrx_word' id='word_1_153' title='bbox 1543 2731 1545 2734; x_wconf 58' lang='grc'><strong>,</strong></span> 
     </span>
    </p>
   </div>
   <div class='ocr_carea' id='block_1_5' title="bbox 213 2761 1311 2914">
    <p class='ocr_par' dir='ltr' id='par_1_6' title="bbox 213 2761 1311 2914">
     <span class='ocr_line' id='line_1_21' title="bbox 254 2761 1311 2834; baseline 0.002 -20"><span class='ocrx_word' id='word_1_154' title='bbox 254 2770 270 2801; x_wconf 84' lang='lat'>¹</span> <span class='ocrx_word' id='word_1_155' title='bbox 283 2764 410 2832; x_wconf 78' lang='grc' dir='ltr'>πρότερον</span> <span class='ocrx_word' id='word_1_156' title='bbox 422 2763 454 2829; x_wconf 79' lang='grc' dir='ltr'>τῇ</span> <span class='ocrx_word' id='word_1_157' title='bbox 468 2761 561 2834; x_wconf 78' lang='grc' dir='ltr'>ψωχῇ]</span> <span class='ocrx_word' id='word_1_158' title='bbox 578 2767 609 2830; x_wconf 79' lang='grc' dir='ltr'>τῇ</span> <span class='ocrx_word' id='word_1_159' title='bbox 623 2765 699 2834; x_wconf 76' lang='grc' dir='ltr'>ψωχῇ</span> <span class='ocrx_word' id='word_1_160' title='bbox 713 2781 767 2818; x_wconf 89' lang='lat' dir='ltr'>om.</span> <span class='ocrx_word' id='word_1_161' title='bbox 780 2764 810 2817; x_wconf 87' lang='lat' dir='ltr'>P.</span> <span class='ocrx_word' id='word_1_162' title='bbox 824 2781 884 2817; x_wconf 87' lang='lat' dir='ltr'>cum</span> <span class='ocrx_word' id='word_1_163' title='bbox 899 2763 1053 2833; x_wconf 74' lang='lat' dir='ltr'>interprete,</span> <span class='ocrx_word' id='word_1_164' title='bbox 1068 2763 1115 2833; x_wconf 91' lang='lat' dir='ltr'>qui</span> <span class='ocrx_word' id='word_1_165' title='bbox 1128 2763 1225 2833; x_wconf 76' lang='lat' dir='ltr'>legisse</span> <span class='ocrx_word' id='word_1_166' title='bbox 1239 2762 1311 2816; x_wconf 87' lang='lat' dir='ltr'>vide·</span> 
     </span>
     <span class='ocr_line' id='line_1_22' title="bbox 213 2841 1134 2914; baseline 0.001 -19"><span class='ocrx_word' id='word_1_167' title='bbox 213 2849 257 2895; x_wconf 84' lang='lat' dir='ltr'>tur</span> <span class='ocrx_word' id='word_1_168' title='bbox 271 2841 424 2913; x_wconf 72' lang='lat' dir='ltr'>drdpuspro</span> <span class='ocrx_word' id='word_1_169' title='bbox 437 2844 573 2912; x_wconf 79' lang='grc' dir='ltr'>πρότερον.</span> <span class='ocrx_word' id='word_1_170' title='bbox 656 2845 814 2914; x_wconf 67' lang='grc' dir='ltr'>Ὶλυτρωτοῖ</span> <span class='ocrx_word' id='word_1_171' title='bbox 828 2843 857 2898; x_wconf 90' lang='lat' dir='ltr'>S.</span> <span class='ocrx_word' id='word_1_172' title='bbox 941 2851 1013 2894; x_wconf 70' lang='grc' dir='ltr'>Ισοι</span> <span class='ocrx_word' id='word_1_173' title='bbox 1026 2843 1087 2897; x_wconf 80' lang='lat' dir='ltr'>add.</span> <span class='ocrx_word' id='word_1_174' title='bbox 1103 2842 1134 2896; x_wconf 83' lang='lat' dir='ltr'>P.</span> 
     </span>
    </p>
   </div>
   <div class='ocr_carea' id='block_1_6' title="bbox 213 2995 1474 4249">
    <p class='ocr_par' dir='ltr' id='par_1_7' title="bbox 213 2995 1474 4249">
     <span class='ocr_line' id='line_1_23' title="bbox 213 2995 1474 3072; baseline 0 -22"><span class='ocrx_word' id='word_1_175' title='bbox 213 2995 331 3063; x_wconf 82' lang='lat' dir='ltr'>inducit,</span> <span class='ocrx_word' id='word_1_176' title='bbox 351 3014 407 3070; x_wconf 93' lang='lat' dir='ltr'>quo</span> <span class='ocrx_word' id='word_1_177' title='bbox 427 3003 556 3070; x_wconf 88' lang='lat' dir='ltr'>tempore</span> <span class='ocrx_word' id='word_1_178' title='bbox 574 2999 667 3053; x_wconf 72' lang='lat' dir='ltr'>videtu</span> <span class='ocrx_word' id='word_1_179' title='bbox 683 2998 776 3055; x_wconf 78' lang='lat' dir='ltr'>turbas</span> <span class='ocrx_word' id='word_1_180' title='bbox 795 2999 913 3054; x_wconf 80' lang='lat' dir='ltr'>ascendit</span> <span class='ocrx_word' id='word_1_181' title='bbox 934 2999 962 3053; x_wconf 85' lang='grc' dir='ltr'>ιἰι</span> <span class='ocrx_word' id='word_1_182' title='bbox 983 3005 1147 3062; x_wconf 68' lang='lat' dir='ltr'>mentemst</span> <span class='ocrx_word' id='word_1_183' title='bbox 1168 3016 1250 3072; x_wconf 80' lang='lat' dir='ltr'>quum</span> <span class='ocrx_word' id='word_1_184' title='bbox 1269 3015 1312 3053; x_wconf 82' lang='lat' dir='ltr'>se-</span> <span class='ocrx_word' id='word_1_185' title='bbox 1350 3012 1474 3062; x_wconf 60' lang='grc' dir='ltr'>ιιιιιιιςμ.</span> 
     </span>
     <span class='ocr_line' id='line_1_24' title="bbox 213 3077 1312 3153; baseline 0 -21"><span class='ocrx_word' id='word_1_186' title='bbox 213 3079 302 3140; x_wconf 75' lang='lat' dir='ltr'>disset,</span> <span class='ocrx_word' id='word_1_187' title='bbox 316 3083 482 3133; x_wconf 81' lang='lat' dir='ltr'>accesserunt</span> <span class='ocrx_word' id='word_1_188' title='bbox 503 3079 540 3132; x_wconf 88' lang='lat' dir='ltr'>od</span> <span class='ocrx_word' id='word_1_189' title='bbox 561 3079 638 3134; x_wconf 83' lang='lat' dir='ltr'>illum</span> <span class='ocrx_word' id='word_1_190' title='bbox 658 3079 784 3152; x_wconf 81' lang='lat' dir='ltr'>discipuli</span> <span class='ocrx_word' id='word_1_191' title='bbox 803 3079 855 3141; x_wconf 83' lang='lat' dir='ltr'>sui,</span> <span class='ocrx_word' id='word_1_192' title='bbox 869 3086 896 3134; x_wconf 83' lang='lat' dir='ltr'>et</span> <span class='ocrx_word' id='word_1_193' title='bbox 917 3079 1041 3153; x_wconf 83' lang='lat' dir='ltr'>operiens</span> <span class='ocrx_word' id='word_1_194' title='bbox 1062 3096 1091 3134; x_wconf 87' lang='grc' dir='ltr'>οι</span> <span class='ocrx_word' id='word_1_195' title='bbox 1108 3096 1185 3135; x_wconf 81' lang='lat' dir='ltr'>suum</span> <span class='ocrx_word' id='word_1_196' title='bbox 1198 3077 1312 3134; x_wconf 80' lang='lat' dir='ltr'>docebat</span> 
     </span>
     <span class='ocr_line' id='line_1_25' title="bbox 214 3157 1311 3234; baseline 0.003 -23"><span class='ocrx_word' id='word_1_197' title='bbox 214 3174 268 3220; x_wconf 84' lang='lat' dir='ltr'>eos,</span> <span class='ocrx_word' id='word_1_198' title='bbox 288 3157 386 3220; x_wconf 79' lang='lat' dir='ltr'>diceus,</span> <span class='ocrx_word' id='word_1_199' title='bbox 412 3157 490 3212; x_wconf 80' lang='lat' dir='ltr'>Beati</span> <span class='ocrx_word' id='word_1_200' title='bbox 507 3175 640 3231; x_wconf 74' lang='lat' dir='ltr'>pauperes</span> <span class='ocrx_word' id='word_1_201' title='bbox 659 3159 908 3231; x_wconf 71' lang='lat' dir='ltr'>spirituquoniam</span> <span class='ocrx_word' id='word_1_202' title='bbox 929 3161 1046 3231; x_wconf 79' lang='lat' dir='ltr'>ipsorum</span> <span class='ocrx_word' id='word_1_203' title='bbox 1068 3166 1107 3213; x_wconf 84' lang='lat' dir='ltr'>est</span> <span class='ocrx_word' id='word_1_204' title='bbox 1127 3175 1241 3234; x_wconf 67' lang='lat' dir='ltr'>reguum</span> <span class='ocrx_word' id='word_1_205' title='bbox 1262 3177 1311 3214; x_wconf 82' lang='grc' dir='ltr'>ια-</span> 
     </span>
     <span class='ocr_line' id='line_1_26' title="bbox 215 3235 1312 3313; baseline 0.001 -22"><span class='ocrx_word' id='word_1_206' title='bbox 215 3236 312 3292; x_wconf 85' lang='lat' dir='ltr'>lorum.</span> <span class='ocrx_word' id='word_1_207' title='bbox 339 3235 416 3292; x_wconf 86' lang='lat' dir='ltr'>Nem</span> <span class='ocrx_word' id='word_1_208' title='bbox 428 3236 514 3292; x_wconf 85' lang='lat' dir='ltr'>etism</span> <span class='ocrx_word' id='word_1_209' title='bbox 529 3236 598 3292; x_wconf 88' lang='lat' dir='ltr'>illud</span> <span class='ocrx_word' id='word_1_210' title='bbox 612 3237 717 3311; x_wconf 86' lang='lat' dir='ltr'>scripto</span> <span class='ocrx_word' id='word_1_211' title='bbox 730 3237 874 3310; x_wconf 91' lang='lat' dir='ltr'>proditum</span> <span class='ocrx_word' id='word_1_212' title='bbox 888 3245 932 3293; x_wconf 88' lang='lat' dir='ltr'>est</span> <span class='ocrx_word' id='word_1_213' title='bbox 946 3238 1022 3311; x_wconf 91' lang='lat' dir='ltr'>quod</span> <span class='ocrx_word' id='word_1_214' title='bbox 1036 3237 1118 3294; x_wconf 85' lang='lat' dir='ltr'>caecis</span> <span class='ocrx_word' id='word_1_215' title='bbox 1137 3256 1195 3293; x_wconf 93' lang='lat' dir='ltr'>non</span> <span class='ocrx_word' id='word_1_216' title='bbox 1215 3237 1312 3313; x_wconf 78' lang='lat' dir='ltr'><strong>paucis</strong></span> 
     </span>
     <span class='ocr_line' id='line_1_27' title="bbox 214 3315 1313 3390; baseline 0.002 -20"><span class='ocrx_word' id='word_1_217' title='bbox 214 3315 306 3371; x_wconf 84' lang='lat' dir='ltr'>visum</span> <span class='ocrx_word' id='word_1_218' title='bbox 320 3315 485 3379; x_wconf 87' lang='lat' dir='ltr'>restituerit,</span> <span class='ocrx_word' id='word_1_219' title='bbox 499 3335 557 3372; x_wconf 90' lang='lat' dir='ltr'>non</span> <span class='ocrx_word' id='word_1_220' title='bbox 571 3317 662 3373; x_wconf 87' lang='lat' dir='ltr'>solum</span> <span class='ocrx_word' id='word_1_221' title='bbox 677 3316 752 3371; x_wconf 89' lang='lat' dir='ltr'>enim</span> <span class='ocrx_word' id='word_1_222' title='bbox 771 3316 805 3371; x_wconf 89' lang='lat' dir='ltr'>iis</span> <span class='ocrx_word' id='word_1_223' title='bbox 824 3317 872 3390; x_wconf 91' lang='lat' dir='ltr'>qui</span> <span class='ocrx_word' id='word_1_224' title='bbox 889 3316 978 3372; x_wconf 90' lang='lat' dir='ltr'>oculis</span> <span class='ocrx_word' id='word_1_225' title='bbox 997 3317 1123 3390; x_wconf 90' lang='lat' dir='ltr'>corporis</span> <span class='ocrx_word' id='word_1_226' title='bbox 1142 3316 1217 3390; x_wconf 84' lang='lat' dir='ltr'>cepti</span> <span class='ocrx_word' id='word_1_227' title='bbox 1231 3325 1313 3372; x_wconf 85' lang='lat' dir='ltr'>erunt</span> 
     </span>
     <span class='ocr_line' id='line_1_28' title="bbox 213 3395 1313 3469; baseline 0 -19"><span class='ocrx_word' id='word_1_228' title='bbox 213 3395 307 3451; x_wconf 83' lang='lat' dir='ltr'>visum</span> <span class='ocrx_word' id='word_1_229' title='bbox 326 3395 508 3469; x_wconf 76' lang='lat' dir='ltr'>largiebatur,</span> <span class='ocrx_word' id='word_1_230' title='bbox 523 3396 673 3453; x_wconf 79' lang='lat' dir='ltr'>sedetiam</span> <span class='ocrx_word' id='word_1_231' title='bbox 693 3395 727 3451; x_wconf 88' lang='lat' dir='ltr'>iis</span> <span class='ocrx_word' id='word_1_232' title='bbox 745 3395 793 3468; x_wconf 88' lang='lat' dir='ltr'>qui</span> <span class='ocrx_word' id='word_1_233' title='bbox 810 3395 839 3450; x_wconf 91' lang='lat' dir='ltr'>in</span> <span class='ocrx_word' id='word_1_234' title='bbox 858 3395 947 3451; x_wconf 84' lang='lat' dir='ltr'>ultero</span> <span class='ocrx_word' id='word_1_235' title='bbox 968 3413 1073 3469; x_wconf 81' lang='lat' dir='ltr'>genere</span> <span class='ocrx_word' id='word_1_236' title='bbox 1093 3395 1264 3468; x_wconf 84' lang='lat' dir='ltr'>onligubent,</span> <span class='ocrx_word' id='word_1_237' title='bbox 1280 3403 1313 3450; x_wconf 91' lang='lat' dir='ltr'>ut</span> 
     </span>
     <span class='ocr_line' id='line_1_29' title="bbox 214 3474 1312 3548; baseline -0.002 -18"><span class='ocrx_word' id='word_1_238' title='bbox 214 3474 309 3530; x_wconf 83' lang='lat' dir='ltr'>unimo</span> <span class='ocrx_word' id='word_1_239' title='bbox 331 3475 425 3532; x_wconf 90' lang='lat' dir='ltr'>Deum</span> <span class='ocrx_word' id='word_1_240' title='bbox 446 3476 570 3532; x_wconf 86' lang='lat' dir='ltr'>universi</span> <span class='ocrx_word' id='word_1_241' title='bbox 590 3476 767 3531; x_wconf 86' lang='lat' dir='ltr'><strong>intuerentur</strong></span> <span class='ocrx_word' id='word_1_242' title='bbox 790 3481 874 3548; x_wconf 85' lang='lat' dir='ltr'>etque</span> <span class='ocrx_word' id='word_1_243' title='bbox 895 3483 1091 3548; x_wconf 77' lang='lat' dir='ltr'>agnoscerent,</span> <span class='ocrx_word' id='word_1_244' title='bbox 1112 3474 1260 3530; x_wconf 80' lang='lat' dir='ltr'>authorem</span> <span class='ocrx_word' id='word_1_245' title='bbox 1281 3492 1312 3529; x_wconf 84' lang='lat' dir='ltr'>se</span> 
     </span>
     <span class='ocr_line' id='line_1_30' title="bbox 215 3553 1313 3628; baseline -0.003 -17"><span class='ocrx_word' id='word_1_246' title='bbox 215 3554 383 3611; x_wconf 61' lang='lat' dir='ltr'>exhibebat:</span> <span class='ocrx_word' id='word_1_247' title='bbox 417 3554 530 3628; x_wconf 80' lang='lat' dir='ltr'><strong>Alioqui</strong></span> <span class='ocrx_word' id='word_1_248' title='bbox 553 3573 620 3612; x_wconf 86' lang='lat' dir='ltr'>vero</span> <span class='ocrx_word' id='word_1_249' title='bbox 643 3555 729 3611; x_wconf 82' lang='lat' dir='ltr'>etium</span> <span class='ocrx_word' id='word_1_250' title='bbox 753 3554 795 3617; x_wconf 87' lang='lat' dir='ltr'>iis,</span> <span class='ocrx_word' id='word_1_251' title='bbox 814 3553 862 3628; x_wconf 91' lang='lat' dir='ltr'>qui</span> <span class='ocrx_word' id='word_1_252' title='bbox 885 3554 921 3611; x_wconf 86' lang='lat' dir='ltr'>eb</span> <span class='ocrx_word' id='word_1_253' title='bbox 943 3553 1075 3610; x_wconf 80' lang='lat' dir='ltr'><strong>invisibili</strong></span> <span class='ocrx_word' id='word_1_254' title='bbox 1099 3572 1132 3610; x_wconf 87' lang='lat' dir='ltr'>uo</span> <span class='ocrx_word' id='word_1_255' title='bbox 1157 3553 1313 3609; x_wconf 75' lang='lat' dir='ltr'>daemonico</span> 
     </span>
     <span class='ocr_line' id='line_1_31' title="bbox 214 3632 1310 3708; baseline -0.003 -18"><span class='ocrx_word' id='word_1_256' title='bbox 214 3643 355 3708; x_wconf 79' lang='lat' dir='ltr'>potestate</span> <span class='ocrx_word' id='word_1_257' title='bbox 369 3635 456 3692; x_wconf 88' lang='lat' dir='ltr'>vincti</span> <span class='ocrx_word' id='word_1_258' title='bbox 470 3644 566 3692; x_wconf 85' lang='lat' dir='ltr'>essent</span> <span class='ocrx_word' id='word_1_259' title='bbox 579 3635 737 3708; x_wconf 82' lang='lat' dir='ltr'>captivique</span> <span class='ocrx_word' id='word_1_260' title='bbox 758 3634 871 3690; x_wconf 77' lang='lat' dir='ltr'>obducti</span> <span class='ocrx_word' id='word_1_261' title='bbox 892 3652 925 3690; x_wconf 86' lang='lat' dir='ltr'>uc</span> <span class='ocrx_word' id='word_1_262' title='bbox 944 3634 1083 3690; x_wconf 86' lang='lat' dir='ltr'>mulorum</span> <span class='ocrx_word' id='word_1_263' title='bbox 1098 3633 1205 3690; x_wconf 83' lang='lat' dir='ltr'>cetenis</span> <span class='ocrx_word' id='word_1_264' title='bbox 1219 3632 1310 3705; x_wconf 88' lang='lat' dir='ltr'>impli-</span> 
     </span>
     <span class='ocr_line' id='line_1_32' title="bbox 215 3712 1313 3788; baseline -0.004 -18"><span class='ocrx_word' id='word_1_265' title='bbox 215 3713 273 3780; x_wconf 89' lang='lat' dir='ltr'>citi,</span> <span class='ocrx_word' id='word_1_266' title='bbox 288 3714 449 3770; x_wconf 85' lang='lat' dir='ltr'>libertetem</span> <span class='ocrx_word' id='word_1_267' title='bbox 470 3714 739 3788; x_wconf 81' lang='lat' dir='ltr'>dissolutionemque</span> <span class='ocrx_word' id='word_1_268' title='bbox 760 3732 857 3770; x_wconf 83' lang='lat' dir='ltr'>eorum</span> <span class='ocrx_word' id='word_1_269' title='bbox 878 3732 973 3770; x_wconf 90' lang='lat' dir='ltr'>rerum</span> <span class='ocrx_word' id='word_1_270' title='bbox 994 3733 1010 3769; x_wconf 82' lang='lat' dir='ltr'><strong>u</strong></span> <span class='ocrx_word' id='word_1_271' title='bbox 1029 3713 1129 3787; x_wconf 88' lang='lat' dir='ltr'>quibus</span> <span class='ocrx_word' id='word_1_272' title='bbox 1143 3712 1313 3768; x_wconf 83' lang='lat' dir='ltr'>tenebuntur</span> 
     </span>
     <span class='ocr_line' id='line_1_33' title="bbox 216 3791 1313 3870; baseline -0.002 -21"><span class='ocrx_word' id='word_1_273' title='bbox 216 3794 409 3859; x_wconf 80' lang='lat' dir='ltr'>denuntiabat,</span> <span class='ocrx_word' id='word_1_274' title='bbox 421 3795 444 3850; x_wconf 91' lang='lat' dir='ltr'>si</span> <span class='ocrx_word' id='word_1_275' title='bbox 459 3795 544 3851; x_wconf 90' lang='lat' dir='ltr'>modo</span> <span class='ocrx_word' id='word_1_276' title='bbox 558 3795 610 3868; x_wconf 89' lang='lat' dir='ltr'>ipsi</span> <span class='ocrx_word' id='word_1_277' title='bbox 626 3813 736 3868; x_wconf 90' lang='lat' dir='ltr'>quoque</span> <span class='ocrx_word' id='word_1_278' title='bbox 750 3794 824 3850; x_wconf 85' lang='lat' dir='ltr'>illius</span> <span class='ocrx_word' id='word_1_279' title='bbox 838 3793 1030 3870; x_wconf 65' lang='lat' dir='ltr'>praedicationi</span> <span class='ocrx_word' id='word_1_280' title='bbox 1046 3794 1131 3848; x_wconf 88' lang='lat' dir='ltr'>fidem</span> <span class='ocrx_word' id='word_1_281' title='bbox 1146 3791 1313 3848; x_wconf 81' lang='lat' dir='ltr'>adhibentes</span> 
     </span>
     <span class='ocr_line' id='line_1_34' title="bbox 216 3871 1313 3948; baseline -0.003 -18"><span class='ocrx_word' id='word_1_282' title='bbox 216 3873 252 3930; x_wconf 81' lang='lat' dir='ltr'>ud</span> <span class='ocrx_word' id='word_1_283' title='bbox 273 3873 353 3930; x_wconf 86' lang='lat' dir='ltr'>ilium</span> <span class='ocrx_word' id='word_1_284' title='bbox 377 3883 511 3948; x_wconf 73' lang='lat' dir='ltr'>tanquam</span> <span class='ocrx_word' id='word_1_285' title='bbox 535 3875 571 3930; x_wconf 82' lang='lat' dir='ltr'>ad</span> <span class='ocrx_word' id='word_1_286' title='bbox 594 3875 804 3948; x_wconf 86' lang='lat' dir='ltr'>redemptorem</span> <span class='ocrx_word' id='word_1_287' title='bbox 824 3883 853 3931; x_wconf 90' lang='lat' dir='ltr'>et</span> <span class='ocrx_word' id='word_1_288' title='bbox 874 3873 1051 3930; x_wconf 78' lang='lat' dir='ltr'>Salvatorem</span> <span class='ocrx_word' id='word_1_289' title='bbox 1072 3871 1264 3935; x_wconf 75' lang='lat' dir='ltr'>accurrebant,</span> <span class='ocrx_word' id='word_1_290' title='bbox 1284 3878 1313 3927; x_wconf 88' lang='lat' dir='ltr'>et</span> 
     </span>
     <span class='ocr_line' id='line_1_35' title="bbox 217 3950 1313 4028; baseline -0.002 -19"><span class='ocrx_word' id='word_1_291' title='bbox 217 3953 290 4010; x_wconf 84' lang='lat' dir='ltr'>illius</span> <span class='ocrx_word' id='word_1_292' title='bbox 317 3955 466 4028; x_wconf 76' lang='lat' dir='ltr'>praeceptis</span> <span class='ocrx_word' id='word_1_293' title='bbox 494 3955 734 4028; x_wconf 80' lang='lat' dir='ltr'>obtemperabant.</span> <span class='ocrx_word' id='word_1_294' title='bbox 785 3955 927 4010; x_wconf 76' lang='lat' dir='ltr'>Caeterum</span> <span class='ocrx_word' id='word_1_295' title='bbox 959 3971 1020 4027; x_wconf 79' lang='lat' dir='ltr'>quse</span> <span class='ocrx_word' id='word_1_296' title='bbox 1049 3971 1085 4008; x_wconf 89' lang='lat' dir='ltr'>ex</span> <span class='ocrx_word' id='word_1_297' title='bbox 1115 3951 1170 4008; x_wconf 90' lang='lat' dir='ltr'>boc</span> <span class='ocrx_word' id='word_1_298' title='bbox 1198 3950 1313 4008; x_wconf 76' lang='lat' dir='ltr'>oraculo</span> 
     </span>
     <span class='ocr_line' id='line_1_36' title="bbox 217 4031 1313 4110; baseline -0.002 -20"><span class='ocrx_word' id='word_1_299' title='bbox 217 4043 368 4108; x_wconf 85' lang='lat' dir='ltr'>supersunt</span> <span class='ocrx_word' id='word_1_300' title='bbox 382 4053 433 4091; x_wconf 87' lang='lat' dir='ltr'>suo</span> <span class='ocrx_word' id='word_1_301' title='bbox 447 4043 575 4109; x_wconf 88' lang='lat' dir='ltr'>tempore</span> <span class='ocrx_word' id='word_1_302' title='bbox 593 4035 621 4090; x_wconf 91' lang='lat' dir='ltr'>io</span> <span class='ocrx_word' id='word_1_303' title='bbox 642 4035 686 4100; x_wconf 89' lang='lat' dir='ltr'>iis,</span> <span class='ocrx_word' id='word_1_304' title='bbox 700 4053 762 4109; x_wconf 74' lang='lat' dir='ltr'>quse</span> <span class='ocrx_word' id='word_1_305' title='bbox 776 4033 812 4090; x_wconf 89' lang='lat' dir='ltr'>de</span> <span class='ocrx_word' id='word_1_306' title='bbox 829 4031 1062 4110; x_wconf 86' lang='lat' dir='ltr'>promissionibus</span> <span class='ocrx_word' id='word_1_307' title='bbox 1076 4032 1224 4089; x_wconf 76' lang='lat' dir='ltr'>tractanda</span> <span class='ocrx_word' id='word_1_308' title='bbox 1237 4039 1313 4098; x_wconf 85' lang='lat' dir='ltr'>sunt,</span> 
     </span>
     <span class='ocr_line' id='line_1_37' title="bbox 217 4113 410 4187; baseline 0.01 -17"><span class='ocrx_word' id='word_1_309' title='bbox 217 4113 410 4187; x_wconf 87' lang='lat' dir='ltr'>exquirentur.</span> 
     </span>
     <span class='ocr_line' id='line_1_38' title="bbox 623 4210 905 4249; baseline -0.004 0"><span class='ocrx_word' id='word_1_310' title='bbox 623 4212 640 4249; x_wconf 83' lang='grc' dir='ltr'>κ</span> <span class='ocrx_word' id='word_1_311' title='bbox 658 4210 905 4249; x_wconf 80' lang='lat' dir='ltr'>nnnrnnououro.</span> 
     </span>
    </p>
   </div>
   <div class='ocr_carea' id='block_1_7' title="bbox 131 4269 1479 4365">
    <p class='ocr_par' dir='ltr' id='par_1_8' title="bbox 131 4269 1479 4365">
     <span class='ocr_line' id='line_1_39' title="bbox 131 4269 1479 4365; baseline -0.007 -19"><span class='ocrx_word' id='word_1_312' title='bbox 131 4295 174 4346; x_wconf 89' lang='lat'>11</span> <span class='ocrx_word' id='word_1_313' title='bbox 260 4290 423 4364; x_wconf 80' lang='lat' dir='ltr'>Prophetum</span> <span class='ocrx_word' id='word_1_314' title='bbox 439 4289 473 4347; x_wconf 87' lang='lat' dir='ltr'>de</span> <span class='ocrx_word' id='word_1_315' title='bbox 485 4291 630 4365; x_wconf 81' lang='lat' dir='ltr'>fratribus</span> <span class='ocrx_word' id='word_1_316' title='bbox 644 4289 847 4346; x_wconf 76' lang='lat' dir='ltr'>tuisruscitubit</span> <span class='ocrx_word' id='word_1_317' title='bbox 861 4289 910 4346; x_wconf 74' lang='lat' dir='ltr'>ubi</span> <span class='ocrx_word' id='word_1_318' title='bbox 924 4288 1062 4347; x_wconf 81' lang='lat' dir='ltr'>Dominus</span> <span class='ocrx_word' id='word_1_319' title='bbox 1077 4290 1155 4346; x_wconf 83' lang='lat' dir='ltr'>Deus</span> <span class='ocrx_word' id='word_1_320' title='bbox 1169 4296 1234 4345; x_wconf 80' lang='lat' dir='ltr'>tuus</span> <span class='ocrx_word' id='word_1_321' title='bbox 1246 4289 1315 4344; x_wconf 78' lang='grc' dir='ltr'>ἀιυι</span> <span class='ocrx_word' id='word_1_322' title='bbox 1349 4269 1479 4317; x_wconf 47' lang='grc' dir='ltr'>ΜΨ·</span> 
     </span>
    </p>
   </div>
   <div class='ocr_carea' id='block_1_8' title="bbox 1350 4327 1449 4366">
    <p class='ocr_par' dir='ltr' id='par_1_9' title="bbox 1350 4327 1449 4366">
     <span class='ocr_line' id='line_1_40' title="bbox 1350 4327 1449 4366; baseline -0.03 0"><span class='ocrx_word' id='word_1_323' title='bbox 1350 4327 1381 4366; x_wconf 81' lang='lat' dir='ltr'>De</span> <span class='ocrx_word' id='word_1_324' title='bbox 1390 4335 1449 4365; x_wconf 72' lang='lat' dir='ltr'>nore</span> 
     </span>
    </p>
   </div>
   <div class='ocr_carea' id='block_1_9' title="bbox 0 0 1577 4716">
    <p class='ocr_par' dir='ltr' id='par_1_10' title="bbox 0 0 1577 4716">
     <span class='ocr_line' id='line_1_41' title="bbox 0 0 1577 4716; baseline 0 0"><span class='ocrx_word' id='word_1_325' title='bbox 0 0 1577 4716; x_wconf 95' lang='lat' dir='ltr'> </span> 
     </span>
    </p>
   </div>
  </div>
 </body>
</html>
