3142 4720
262 237 327 336 552
709 233 895 298 EUSEBII
1335 257 1366 318 p.
1381 251 1521 315 274—

261 391 426 492 λούμενοι
444 392 502 472 διὰ
520 392 562 472 τὸ
584 395 622 472 ἐν
646 392 815 496 χάσμασι
833 394 990 477 σκοτίοις
1014 397 1071 473 καὶ
1096 401 1169 476 τοῖς
1187 400 1259 472 τῶν
1277 427 1353 472 σω-

260 515 384 614 μάτων
397 517 619 614 κοιλάμασιν
631 520 884 622 ἐνδιατρίβειν,)
897 522 944 603 ὡς
956 516 1062 622 κηρός
1075 518 1148 599 άπὸ
1160 519 1359 620 προσώπου
1370 555 1399 590 ιο

261 641 372 743 πυρὸς
399 641 593 742 τηκόμενοι,
615 677 660 747 τη
687 653 751 723 τοῦ
779 645 873 724 θείου
901 642 1025 746 Λόγου
1052 642 1196 740 δυνάμει
1223 643 1267 748 ἐξ
1288 647 1352 722 άν-

262 767 415 868 θριάπωυ
432 766 682 872 ’ἀποφόχοιεα
700 772 758 848 καὶ
786 768 887 871 ἑτέρα
915 771 945 848 δ’
965 767 1011 848 ἂν
1031 769 1084 868 εἵη
1104 767 1204 870 παρὰ
1228 766 1387 850 ταύταςὶ)

260 891 354 971 αἰτία
385 893 473 996 ὀὐχ
503 893 526 991 ἡ
556 902 718 997 τυχοῦσα
748 899 812 992 τῆς
842 894 886 999 ἐξ
915 896 1073 996 οὐρανῶν
1104 891 1257 974 καθόδου
1288 903 1352 972 τοῦ

262 1018 406 1120 Κυρίου,
424 1015 468 1116 ἣν
490 1019 510 1097 ὁ
531 1017 641 1118 λόγος
658 1020 935 1119 ἐπισημαίνεται,
955 1023 1051 1103 ὅπως
1076 1018 1194 1100 πάντα
1221 1019 1268 1098 τὰ
1294 1021 1353 1098 ἐπὶ

260 1146 327 1242 γῆς
345 1142 439 1238 ἔθνη,
458 1149 530 1222 τιῦν
553 1142 729 1240 δαιμόνων
753 1145 1033 1224 άπελασθέντων
1059 1148 1117 1224 καὶ
1135 1152 1208 1225 τῶν
1225 1149 1356 1248 άρχον-

259 1274 367 1346 πικῶν
384 1266 593 1367 πνευμάτων
605 1271 836 1366 σεισθέντων,
846 1275 910 1369 τῆς
926 1268 1043 1350 πάλαι
1060 1271 1176 1349 αῦτιῦν
1192 1277 1379 1372 σκληρᾶςε

261 1396 318 1472 καὶ
343 1394 508 1493 ἀκινήτου
533 1397 738 1498 τυραννίδος·
756 1397 1089 1492 ῦπαναπνεάσαντα,
1108 1394 1174 1495 τὴν
1199 1397 1354 1497 ἐπίγνω-

222 1551 323 1602 1ςσιν
340 1529 404 1598 τοῦ
421 1522 478 1599 ἐπὶ
496 1517 641 1599 πάντων
658 1519 827 1624 ἀναλάβῃ
845 1526 952 1600 Θεοῦ.
997 1524 1069 1600 Καὶ
1088 1518 1178 1599 αὐτὰ
1195 1518 1268 1600 ὧδέ
1279 1553 1357 1604 πως

260 1649 377 1742 alric
395 1647 503 1742 αι’πῆς
520 1645 738 1749 προφητείας
757 1650 874 1751 φωναὶ
899 1646 982 1751 ἑξῆς
1006 1649 1065 1725 καὶ
1090 1644 1180 1726 κατὰ
1203 1643 1245 1726 τὸ
1269 1647 1356 1726 αὐτὸ

261 1768 330 1849 ὑπὸ
348 1771 433 1866 μίαν
450 1767 650 1874 συνάφειαυ
668 1772 823 1855 διανοίας
841 1771 1067 1874 κηρύττουσι.
1368 1804 1398 1838 ¹0

311 1913 381 1983 Kal
410 1915 505 1985 ἔσται
532 1915 584 1983 ἐπ’
609 1912 762 2011 ἐσχάτων
791 1921 857 1986 τιῦν
886 1919 1009 2011 ἡμερῶν
1038 1913 1180 2012 ἐμφανὲς
1206 1913 1250 1986 τδ
1280 1916 1356 2012 ὄρος

261 2028 396 2125 Κυρίου,
413 2027 567 2114 Ι’ἕτοιμον
591 2032 645 2101 ἐπὶ
666 2029 728 2107 τὰς
750 2028 896 2127 κορυφάς
918 2037 983 2102 τῦν
1004 2032 1111 2127 ὁρέων,
1128 2031 1180 2101 καὶ
1203 2060 1357 2126 μετεωρι-

260 2149 422 2226 ebrios-raa
448 2143 593 2241 ὑπεράνω
620 2151 686 2216 τῶν
713 2148 845 2233 βουνιῦν,
871 2146 923 2216 καί
951 2147 1149 2218 σπείσουσιυ
1176 2147 1224 2216 ἐπ’
1251 2143 1382 2216 οοῦτδο

259 2259 349 2345 λαοί,
370 2260 421 2330 καὶ
447 2261 664 2356 πορεύσονται
689 2260 762 2342 ἔθνη
788 2258 915 2344 πολλὰ,
938 2261 990 2330 καὶ
1016 2261 1136 2358 ε’ροῦσι,
1159 2259 1259 2344 δεῦτε,
1277 2261 1355 2330 ‹iuu-

260 2376 368 2461 βιῦμεν
394 2377 436 2451 εἷς
458 2371 501 2446 τό
527 2376 602 2470 ὅρος
627 2381 689 2446 τοῦ
714 2374 848 2470 Κυρίου,
865 2375 918 2444 καὶ
941 2377 983 2451 εἰς
1006 2372 1066 2445 τὸν
1089 2373 1177 2445 οἷκον
1192 2382 1254 2448 τοῦ
1271 2375 1355 2446 θεοῦ

258 2487 391 2576 ’Ῑακιῦβ,
408 2488 461 2558 καί
479 2487 636 2583 δείξουσιν
653 2493 725 2572 ἡμῖν
747 2490 806 2572 τὴν
829 2487 905 2560 «iliu
927 2491 1036 2576 αὑτοῦ,
1054 2489 1106 2559 κοῦ
1126 2490 1354 2587 πορευσόμεθα
1364 2527 1378 2578 5

259 2602 292 2672 ε’ν
308 2613 380 2679 ταῖς
396 2601 527 2699 τρίβοις
542 2604 651 2676 οῦτοῦ.
686 2603 752 2672 Ἐκ
769 2601 836 2699 γάρ
855 2603 941 2674 Σιιῦν
958 2600 1160 2696 ἐξελεύσεται
1179 2604 1285 2688 νόμος,
1294 2605 1354 2674 urai

259 2719 365 2811 λόγος
395 2719 518 2817 Κυρίου
546 2715 586 2813 ἐξ
607 2717 837 2816 Ἰερουσαλὴμ,
864 2718 916 2788 καὶ
946 2728 1045 2813 κρινεῖ
1073 2716 1133 2788 buci
1163 2718 1264 2802 μέσον
1292 2725 1356 2789 τιῦν

261 2835 368 2906 ε’θνιῦν.

303 2965 479 3039 zirripupou]
497 2963 659 3039 άποφῦγοιεν
674 2966 705 3022 Ρ.
829 2973 844 3006 ⁸
858 2965 929 3037 οὐχί]
945 2965 995 3035 οῦχ
1008 2965 1024 3035 ἡ
1039 2966 1071 3020 Ρ.
1194 2958 1211 3004 b
1225 2963 1312 3035 ε’τῑμον
1327 2965 1355 3020 S.

261 3045 356 3098 cabrai
372 3046 400 3099 S.

260 3146 444 3204 tenebricosis
459 3155 488 3203 et
502 3165 651 3221 corporum
673 3146 749 3203 cavis
771 3146 971 3218 diversantur‚)
987 3145 1067 3219 quasi
1083 3162 1149 3201 cera
1166 3144 1267 3201 sfsoie
1280 3144 1357 3220 ignis

259 3226 458 3300 liquescentes,
480 3226 517 3282 ob
537 3226 626 3284 Verbi
647 3225 734 3283 divini
754 3227 811 3283 vim
833 3227 868 3284 de
893 3226 1054 3283 hominibus
1075 3225 1224 3300 fugerent:
1248 3233 1277 3282 et
1301 3224 1357 3281 alia

260 3324 329 3363 vero
353 3314 456 3383 praeter
477 3325 525 3363 eas
550 3325 612 3364 esse
637 3314 733 3381 potest
756 3325 849 3372 cause,
869 3307 917 3363 illa
938 3306 1051 3381 quidem
1072 3323 1130 3362 non
1151 3304 1285 3380 vulgaris,
1306 3323 1357 3361 cur

261 3385 404 3442 Dominus
422 3386 458 3444 de
482 3386 553 3444 coelo
574 3386 760 3454 descenderit,
779 3405 863 3461 quam
885 3386 1029 3443 oraculum
1050 3386 1134 3459 juxta
1152 3385 1303 3458 significat,
1324 3393 1357 3442 ut

261 3484 362 3523 omnes
383 3467 412 3523 in
433 3467 501 3524 orbe
518 3475 657 3524 terrarum
678 3475 790 3542 gentes,
805 3467 979 3524 demonibus
997 3465 1085 3541 pulsis
1104 3473 1134 3522 st
1151 3464 1295 3540 spiritibus
1309 3465 1357 3539 qui

260 3547 448 3623 principatum
471 3549 613 3605 habebant
633 3548 786 3612 concussis,
808 3547 844 3603 ab
868 3547 985 3621 antiqua
1009 3546 1061 3602 sub
1082 3545 1136 3602 illis
1157 3553 1187 3602 et
1207 3563 1307 3619 aspero
1327 3555 1357 3602 et

260 3629 398 3685 immobili
411 3629 560 3704 tyrannide
580 3628 759 3702 respirantes,
775 3627 949 3703 agnitionem
971 3625 1095 3700 supremi
1116 3625 1169 3683 Dei
1189 3625 1355 3699 reciperent.

261 3708 338 3776 Quin
352 3710 437 3766 etism
451 3709 512 3782 ipsu
525 3710 587 3766 lisso
600 3709 630 3764 in
644 3708 720 3764 bunc
733 3708 849 3764 modum
864 3707 990 3781 ejusdem
1004 3705 1162 3780 prophetiae
1176 3723 1261 3762 voces
1276 3705 1355 3762 dein·

129 3823 134 3837 ·
157 3825 164 3845 ‚
187 3823 194 3837 ·
261 3805 327 3860 ceps
342 3788 440 3844 eadem
454 3789 564 3846 ratione
578 3790 630 3845 sub
644 3807 729 3844 unam
743 3805 843 3844 sensus
857 3787 1064 3861 copulationem
1078 3785 1235 3848 enuntiant,
1247 3785 1290 3841 Et
1304 3786 1357 3841 erit

262 3867 290 3922 in
304 3868 452 3922 nmiasimis
465 3869 555 3924 diebus
570 3867 729 3942 manyeelas
749 3885 824 3924 mour
837 3867 961 3932 Domini,
975 3873 1092 3940 paratur
1111 3867 1139 3922 in
1160 3866 1358 3922 surnmilolibus

261 3949 409 4002 montium:
431 3954 458 4002 el
472 3949 619 4004 extolletur
631 3966 712 4022 super
726 3947 813 4012 calles,
828 3947 1032 4023 elsmlinabunt
1046 3949 1084 4002 σθ
1096 3964 1157 4002 eam
1170 3947 1275 4020 populi.
1313 3944 1355 4002 m

176 4064 180 4072 -
260 4025 337 4082 ibunt
355 4034 449 4100 centes
469 4029 569 4090 maltae,
584 4035 611 4084 ει
632 4029 728 4091 dicem,
749 4028 852 4092 Venite,
868 4029 1040 4084 accendamur
1058 4028 1085 4082 in
1104 4035 1218 4082 moulan
1232 4026 1354 4090 Domini,

259 4114 287 4164 et
300 4109 328 4162 in
342 4107 449 4162 damam
464 4107 522 4162 Dei
535 4106 632 4174 Jacob,
648 4116 675 4164 el
695 4110 834 4164 ostendent
854 4109 929 4164 nobis
945 4110 1017 4164 uiam
1037 4105 1104 4177 ejus,
1119 4113 1146 4162 el
1159 4105 1356 4162 ambulabimus

260 4188 289 4240 in
308 4187 411 4241 semilis
431 4184 495 4256 ejas.
538 4186 586 4241 De
601 4187 668 4242 Sion
682 4189 750 4242 enim
764 4188 846 4245 exibit
865 4189 917 4254 len,
931 4195 958 4244 ei
977 4187 1087 4242 uerbum
1102 4187 1219 4242 Domini
1239 4186 1272 4240 da
1286 4185 1354 4240 Hie·

260 4266 383 4328 ruralem,
398 4271 424 4319 ει
438 4263 576 4336 judicabit
598 4267 667 4320 inter
682 4274 782 4336 gentes.
825 4265 907 4322 'l'ulia
925 4285 992 4322 sane
1012 4265 1209 4322 devocatione
1226 4265 1354 4338 gentium
