3120 4716
469 248 696 314 DEMONST.
720 248 889 313 EVANG.
914 250 959 312 X.
978 268 1006 312 u.
1248 250 1312 311 929

566 464 633 538 inb
658 475 717 538 coi
742 475 874 539 ananei
898 464 946 538 νδ.
1317 492 1349 554 p.
1359 489 1420 554 471

143 609 166 664 2
256 588 434 661 Ἐνιότισαι
453 592 471 659 ὁ
490 588 572 666 Θεὸς
588 591 647 672 την
664 593 852 686 προσευχήν
867 619 941 672 μου,
955 589 1006 658 καί
1025 588 1070 669 μη
1087 586 1232 683 ὖτερίδης
1248 587 1308 669 την
1344 585 1473 674 ”lsrrnrp²

205 701 313 786 δέησίν
329 735 403 810 μου,
420 705 569 801 πρόσχες
585 735 653 789 μοι,
670 705 722 774 καί
743 702 933 775 είσόκουσόν
949 733 1023 784 μου.
1068 701 1259 785 Ἐλυπῆθην
1276 704 1308 774 έν
1349 679 1470 817 {2³3²

204 823 246 911 τῇ
274 817 457 915 ἆδολεσχίᾳ
483 850 555 903 μου,
577 819 629 889 καί
655 816 844 916 ἐταράχθην
869 816 937 888 barb
963 823 1070 914 φωνῆς
1094 818 1228 913 έχθροῦ,
1254 801 1461 898 καίῑηόνσςμ

204 932 272 1005 ἀπὸ
297 933 444 1028 θλίψεως
470 939 677 1031 ἁμαρτωλοῦ.
723 933 806 1005 Ὅτι
830 931 992 1026 ἐξέκλιναν
1013 935 1062 1002 ἐπ’
1082 931 1138 1014 ε’μέ
1160 933 1305 1016 ἀνομίαν,
1348 922 1472 1024 αὖτθτῆξ

204 1050 256 1120 καί
283 1049 315 1119 έν
341 1053 427 1146 ὀργῇ
452 1051 615 1121 εὐεκότουν
640 1080 707 1132 μοι.
759 1047 809 1118 Ἡ
837 1047 950 1144 καρδία
975 1080 1039 1131 μου
1056 1044 1248 1145 ἐ’ταρόχθη
1273 1049 1305 1118 έν
1343 1024 1469 1154 ζῖᾜ

204 1165 287 1248 ε’μοί,
304 1166 355 1236 καί
374 1165 477 1238 δειλία
496 1162 638 1238 θαυότου
654 1166 811 1236 ἐπέπεσεν
827 1166 875 1234 ἐπ’
896 1165 961 1246 ἐμέ.
1013 1163 1129 1250 Φόβος
1150 1164 1202 1234 καί
1225 1164 1305 1260 τρό-
1347 1185 1460 1264 fvffss‘v·

1346 1265 1469 1311 ηνπεποι·

203 1309 264 1362 μος
280 1281 377 1364 ἦλθεν
394 1282 447 1350 ἐπ’
463 1280 528 1365 ε’μέ,
545 1281 597 1352 καί
615 1278 766 1372 ε’κόλυψέ
781 1310 822 1360 με
839 1279 970 1363 σκότος,
1313 1317 1326 1367 ⁵
1345 1325 1451 1394 ww.

180 1413 261 1489 ικαὶ
280 1409 325 1490 τὰ
343 1411 438 1517 ἑξῆς.
496 1409 564 1494 Οἷς
583 1411 748 1511 ἐπιλέγει,

254 1554 531 1636 Καταπόντισον,
549 1555 661 1651 Κόριε,
679 1555 731 1624 καί
748 1553 921 1625 καταδίελε
937 1552 997 1630 τὰς
1015 1557 1173 1645 γλώσσας
1190 1555 1302 1637 αὐτῶν,

202 1669 255 1742 ὅτι
274 1669 357 1740 εἶδον
375 1671 509 1752 ἆνομίαν
531 1671 583 1741 καί
607 1671 802 1762 ἇντιλογίαν
819 1671 851 1739 έν
868 1676 909 1764 τῇ
928 1670 1036 1741 πόλει.
1079 1669 1229 1766 Ἡμέρας
1250 1670 1302 1740 καί

202 1784 311 1864 νυκτός
336 1789 489 1858 κυκλώσει
517 1788 615 1870 αὐτὴν
637 1787 691 1858 ε’πί
714 1784 759 1858 τό
782 1787 878 1883 τείχη
898 1788 1006 1871 αὐτῆς,
1031 1787 1083 1857 καί
1107 1787 1224 1868 ἆνομία
1248 1787 1300 1857 καί
1313 1819 1343 1853 ιο

199 1901 301 1978 κόπος
331 1903 362 1972 ἐν
386 1903 478 1992 μέσῳ
503 1903 600 1984 univiro
623 1902 674 1972 καί
703 1901 819 1986 ἀδικία,
845 1904 897 1973 καί
928 1903 983 1972 osis
1009 1901 1155 1996 ἐξέλιπεν
1181 1904 1215 1972 ἐκ
1237 1908 1327 1974 τῶνθ

200 2023 365 2088 πλατειῶν
378 2018 474 2099 aci-riri·
490 2017 588 2093 τόκος
603 2017 655 2086 καί
674 2015 781 2093 δόλος.
812 2016 895 2088 Ὅτι
914 2021 943 2088 εί
958 2015 1078 2114 ε’χθρός
1092 2015 1235 2088 ω’νείδισέ
1250 2048 1300 2101 με,

198 2131 361 2222 ὑπήνεγκα
379 2130 427 2202 ἄν·
454 2133 526 2203 irai
545 2134 574 2202 εί
589 2133 607 2202 ὁ
625 2137 728 2215 μισῶν
744 2161 786 2214 με
802 2131 850 2200 ἐπ’
870 2130 926 2212 ἐμὲ
942 2132 1300 2227 έμεγαλορρημόνησεν,
1361 2215 1366 2227 .

199 2245 334 2341 έκρόβην
351 2245 390 2318 ἂν
408 2247 483 2317 Ζἆτ’
503 2249 612 2318 αὑτοῦ·
631 2245 671 2317 σίν
689 2244 732 2326 δέ,
750 2243 900 2341 ἄνθρωπε
917 2245 1076 2342 ίσόψυχε,
1095 2249 1222 2339 ἡγεμών
1237 2278 1321 2331 μους

198 2361 250 2431 καί
274 2364 405 2454 1γνωστέ
426 2393 497 2445 μου,
516 2362 550 2438 ὃς
567 2362 620 2432 έπί
637 2360 680 2431 τὸ
703 2359 784 2430 αὐτὸ
807 2358 984 2452 ε”γλόκαυός
1000 2392 1055 2444 μοι
1074 2360 1250 2444 ε’δέσματα,
1267 2363 1299 2432 ε’ν

197 2481 246 2566 τῷ
264 2478 339 2567 οἴκῳ
355 2485 417 2548 τοῦ
434 2477 519 2548 θεοῦ
534 2477 749 2572 ἐπορεύθημεν
765 2476 797 2544 έν
814 2475 960 2566 ὁμονοίᾳ.

174 2641 188 2687 s
252 2605 318 2705 Tb,
339 2615 364 2686 εί
383 2604 495 2714 ἐχθρός
513 2603 657 2688 ὠνείδισέ
670 2642 727 2710 με,
743 2608 937 2705 “iniimus
956 2603 1008 2695 διν,
1030 2613 1089 2684 καὶ
1112 2615 1137 2685 εἰ
1158 2616 1172 2686 i
1191 2607 1328 2710 μισῶνά

238 2809 252 2836 ¹
267 2801 376 2872 Repetit
390 2800 664 2873 ε’ταρόχθην-ιιαρδιό
677 2821 728 2870 μου
744 2801 772 2866 S.v
883 2811 899 2856 Υ
914 2799 948 2870 εί]
965 2801 1005 2854 καὶ
1018 2801 1041 2853 εί
1056 2800 1084 2855 S.
1099 2801 1145 2872 qui
1159 2819 1224 2856 mox
1239 2802 1296 2871 ε’με-

198 2884 411 2952 γαλορημόνησεν
425 2890 452 2935 et
466 2881 542 2934 infra.
628 2880 708 2952 zs'rr’]
725 2880 769 2934 ἄπ’
785 2881 813 2935 S.
897 2879 1005 2950 *irrisa
1020 2880 1047 2934 S.

632 3062 651 3098 A
667 3061 784 3100 ΡΒΔΒΙΟ
799 3063 858 3100 mu.

134 3162 156 3214 2
236 3154 357 3210 Auribus
363 3156 483 3230 percipe,
493 3156 576 3221 Deus,
586 3157 735 3214 orationem
745 3166 877 3220 meamet
886 3177 918 3214 ne
926 3159 1073 3231 despexeris
1081 3159 1293 3231 deprecationem
1336 3177 1371 3218 Pr.
1382 3183 1413 3228 54,
1425 3191 1443 3219 ι.

195 3253 289 3290 nicam.
333 3236 439 3292 Proesta
454 3243 587 3292 attentum
607 3244 633 3292 te
648 3237 723 3300 mibi,
738 3245 765 3293 et
778 3239 876 3294 exaudi
890 3257 940 3294 me.
986 3239 1168 3294 Contristutus
1186 3258 1244 3296 sum
1264 3243 1293 3295 in
1335 3237 1423 3276 ΠΜ

194 3317 339 3390 uuqatione
352 3335 420 3380 mea,
435 3323 461 3372 et
476 3317 651 3372 conturbatus
664 3335 721 3373 suni
735 3335 753 3372 a
767 3335 830 3374 voce
844 3320 954 3381 inimici,
970 3326 997 3374 et
1011 3336 1028 3372 a
1041 3319 1217 3374 tribulatione
1227 3336 1291 3390 pec.
1334 3287 1437 3384 bbb'qbs

193 3399 312 3451 catoris:
334 3399 462 3469 quoniam
485 3397 688 3454 declinaverunt
709 3399 737 3453 iu
760 3415 802 3452 me
821 3398 1003 3472 iniquitatem,
1023 3406 1049 3454 et
1070 3400 1098 3452 in
1120 3401 1164 3452 ira
1185 3399 1291 3453 molesti
1331 3396 1429 3476 3me

192 3483 273 3531 enant
293 3475 370 3532 mibi.
415 3477 577 3534 Cormeum
602 3477 791 3533 conturbatum
814 3479 903 3533 estin
931 3495 982 3542 nse,
1006 3485 1033 3533 et
1046 3475 1172 3549 sonnido
1196 3480 1291 3532 mortis
1331 3486 1436 3525 Chri-mm

190 3556 286 3612 cecidit
305 3573 386 3630 super
400 3575 450 3613 nse.
497 3558 587 3614 Timor
602 3565 629 3613 et
650 3565 749 3613 tremor
762 3565 890 3614 uenemnt
906 3575 987 3631 super
1004 3575 1056 3624 rue,
1070 3564 1096 3612 et
1117 3564 1290 3613 contexerunt
1331 3535 1427 3624 {12¹3}ss

189 3653 232 3690 me
242 3635 374 3692 tenebra:
398 3644 426 3692 et
442 3655 504 3711 quae
518 3645 681 3711 sequuntur,
691 3637 792 3712 quibus
805 3637 944 3712 adjungit,
955 3637 1112 3710 Pracipita,
1124 3637 1253 3705 Domine,
1263 3644 1289 3692 et
1330 3634 1428 3675 smnus.

187 3715 278 3772 divide
292 3717 400 3790 linguas
412 3735 525 3773 eorum:
547 3719 673 3792 quoniam
690 3719 748 3774 nidi
768 3719 937 3792 iniquitatem
956 3725 982 3772 et
1003 3719 1239 3773 contradictionem
1259 3717 1289 3771 in

186 3797 307 3852 civitate.
349 3796 405 3852 Die
425 3816 459 3854 ac
479 3805 555 3854 nocte
574 3797 742 3854 circundabit
760 3817 817 3855 eam
835 3816 918 3870 ευμεν
932 3814 1024 3855 muros
1038 3794 1105 3866 ejus,
1121 3803 1147 3850 et
1162 3797 1291 3870 iniquitas

188 3883 215 3931 et
230 3875 307 3931 tabor
321 3876 349 3932 in
364 3879 449 3933 mertia
463 3880 520 3948 ejus
533 3886 560 3933 et
574 3879 711 3954 injustitia
723 3899 733 3934 .-
756 3887 783 3933 et
797 3897 850 3933 uon
865 3876 962 3950 dejecit
976 3879 1010 3932 ste
1021 3875 1123 3950 plateis
1135 3873 1191 3946 ejas
1206 3894 1290 3932 usura

188 3964 214 4011 et
229 3957 316 4012 dolus.
341 3959 473 4020 Quoniam
486 3959 512 4012 si
526 3958 646 4014 iuimicus
654 3959 758 4031 probro
771 3977 812 4013 sne
824 3957 963 4031 affecisset,
975 3956 1159 4012 sustinuissem
1176 3957 1288 4030 utique.-

186 4043 215 4090 et
235 4038 258 4092 si
280 4037 367 4109 isqui
386 4040 481 4093 oderat
502 4055 544 4092 rne
561 4054 644 4111 super
661 4056 703 4093 nne
723 4055 822 4110 maana
844 4038 947 4092 locutus
958 4034 1075 4108 suisset,
1095 4036 1289 4093 abscondissem

188 4134 231 4170 me
245 4115 368 4189 forsitan
391 4117 424 4172 ab
439 4135 479 4171 eo.
527 4118 568 4173 Tu
589 4134 651 4170 vero
670 4115 749 4170 Ιιουιο
771 4118 913 4180 unanimis,
935 4124 962 4171 et
983 4117 1040 4171 dun
1060 4133 1140 4180 meus,
1163 4123 1189 4171 ct
1210 4125 1290 4172 notus

189 4213 282 4251 nsum:
305 4197 353 4270 qui
367 4197 394 4251 in
410 4197 478 4252 idem
492 4197 585 4254 dulces
599 4195 775 4268 comparabis
788 4197 856 4252 mibi
870 4196 951 4253 cibos.
986 4195 1019 4250 In
1033 4196 1111 4252 domo
1127 4195 1181 4252 Dei
1195 4196 1290 4252 ambu-

189 4275 305 4332 taoimus
326 4293 387 4332 cum
407 4295 542 4334 consensu.
586 4275 632 4333 Ex
654 4275 698 4332 his
717 4275 804 4350 igitur
829 4275 908 4343 illud,
929 4275 961 4332 Si
983 4277 1104 4332 inimicus
1122 4275 1226 4351 probro
1250 4293 1290 4330 me

230 4387 299 4425 voi.
315 4389 350 4427 ιι.
727 4389 744 4444 3
762 4389 780 4428 ο
