3142 4720
268 241 333 306 οιι
716 239 903 306 uusuorr
1345 234 1511 319 ραις-

269 407 446 508 ῑὺπακοὴν
477 413 541 506 τῆς
567 416 631 486 τοῦ
664 413 828 511 Χριστοῦ
861 405 1106 486 διδασκαλίας.
1166 404 1296 486 Αὐτοῖς
1329 401 1368 482 δὲ

268 533 406 638 ῥήμασι
424 532 470 613 τὰ
486 533 728 636 παραπλήσια
746 535 859 636 εὕροις
873 530 918 612 ἂν
937 535 994 610 καὶ
1013 532 1071 609 “ε’ν
1084 528 1367 636 ἑπτακαιδεκάτῳ

270 666 425 767 Ψαλμῷ,
446 664 493 744 εἷς
511 658 537 739 ἃ
553 660 599 740 τὰ
618 658 776 766 φανέντα
792 660 1008 762 προείρηται.

519 835 584 907 ind
610 844 673 907 riis
695 833 812 906 rsirrsr
838 841 902 905 riiu
930 839 1120 904 sirmeum.
1377 856 1409 919 p.
1421 836 1489 918 269

184 953 231 1059 ¹¹²
322 959 391 1030 Kal
415 965 473 1043 miv,
492 959 604 1056 Κύριε,
622 961 641 1030 ὁ
660 957 742 1036 θεὸς
757 959 911 1055 Ἰσραήλ,
927 959 1130 1036 πιστωθήτω
1147 952 1184 1037 δή
1201 952 1264 1024 ντδ
1280 950 1400 1049 ῥῆμάῑ)

107 1039 229 1190 52}ss
272 1105 341 1156 σον,
363 1073 381 1144 δ
406 1070 571 1155 ε’λάλησος
595 1077 644 1164 τῷ
672 1071 766 1144 παιδί
790 1103 851 1143 σον
875 1076 923 1162 τῷ
952 1069 1066 1158 Δαβὶδ
1091 1076 1140 1160 τῷ
1165 1071 1273 1164 πατρί
1295 1099 1367 1151 μον.

108 1200 214 1297 eurtum,
263 1187 348 1261 ’Ότι
371 1192 400 1259 si
421 1189 547 1272 άληθῶς
570 1194 755 1270 κατοικήσει
774 1185 856 1263 θεὸς
878 1185 962 1269 μετὰ
987 1186 1162 1280 ἀνθρώπων
1182 1185 1235 1253 ἐπὶ
1254 1191 1324 1276 γῆς,
1342 1185 1393 1252 eis

107 1277 207 1430 QZ*
271 1305 289 1372 ὁ
307 1302 439 1400 οὐρανὸς
454 1301 505 1374 καὶ
522 1305 541 1373 ὁ
560 1301 691 1400 οὗρανδς
707 1309 768 1375 τοῦ
785 1304 919 1398 οὐρανοῦ
936 1300 991 1370 otiu
1008 1299 1185 1397 ἆρκέσονσῖ
1201 1329 1267 1370 σοι.

15 1477 16 1482 1
107 1439 260 1535 πριέπὶι
328 1439 450 1514 Κεῖται
469 1442 581 1514 ταῦτα
598 1435 719 1516 αὑταῖς
733 1431 878 1539 λέξεσιν
897 1434 955 1511 καὶ
974 1435 1011 1510 ἐν
1027 1430 1367 1532 Παραλειπομέναις.

106 1541 154 1591 γης
167 1541 228 1574 κατ·

107 1604 187 1654 mm,
270 1565 334 1667 Τῷ
351 1559 417 1659 μέν
436 1563 497 1640 οὖν
515 1563 637 1654 uouit
662 1559 902 1660 ἐπηγγείλατο
929 1558 950 1635 ὁ
972 1554 1065 1640 θεὸς
1086 1555 1307 1654 ἀναστήσειν
1330 1557 1368 1634 ἐκ

270 1689 406 1770 κοιλίας
423 1687 531 1766 αὐτοῦ
552 1685 720 1781 βασιλέα,
741 1685 782 1765 οὗ
806 1683 925 1786 πατὴρ
943 1682 1049 1765 αι’πδς
1067 1685 1087 1762 ὁ
1108 1681 1201 1766 Θεὸς
1219 1682 1373 1761 ἔσεσθαί
1380 1725 1410 1759 ιο

271 1819 397 1916 φησιν,
416 1809 509 1890 ὥστε
536 1809 599 1890 τὸν
618 1811 836 1913 γεννώμενον
859 1814 897 1890 έκ
922 1809 1128 1913 σπέρματος
1147 1812 1268 1905 Δαβῖδ
1295 1807 1370 1888 viiiv

271 1941 515 2037 ὀνομασθῆναι
534 1943 638 2033 Θεοῦ,
658 1935 787 2039 θρόνον
815 1971 854 2017 τε
880 1936 1071 2030 βασιλείας
1095 1935 1117 2013 ἕ
1154 1969 1187 2014 ιν
1214 1934 1395 2021 alituum

247 2069 397 2144 οΤαῦτα
415 2062 452 2142 δέ
469 2066 508 2143 ἐν
526 2062 590 2162 μέν
608 2070 673 2169 ιτῇ
692 2060 835 2170 δευτέρᾳ
852 2070 925 2142 τῶν
941 2066 1144 2142 Βασιλειῶν
1163 2060 1221 2139 διὰ
1240 2058 1369 2140 Νάθαν

269 2197 334 2269 τοῦ
350 2188 540 2296 προφήτου
557 2189 719 2294 ἐχρήσθη
735 2197 786 2296 τῷ
804 2192 926 2283 Anuli
944 2196 1070 2267 τοῦτον
1087 2185 1172 2267 γτδν
1191 2183 1335 2289 τρόπον,

322 2335 391 2406 Καὶ
413 2337 521 2419 ἔσται,
539 2333 593 2405 ἐὰν
610 2338 827 2430 πληρωθῶσιν
844 2336 880 2402 oi
895 2332 1007 2427 ἡμέραι
1027 2337 1097 2414 σοῦ,
1115 2329 1166 2400 καὶ
1190 2334 1392 2424 κοιμηθήσης

271 2449 356 2532 μετὰ
379 2455 444 2521 τῶν
464 2448 614 2544 πατέρων
638 2455 709 2532 σοῦ,
725 2448 777 2518 καὶ
800 2449 977 2529 ἀναστήσω
993 2445 1035 2516 τδ
1055 2446 1188 2541 σπέρμα
1206 2451 1268 2514 σοῦ
1283 2441 1368 2526 μετά

271 2597 322 2649 σε,
339 2564 373 2641 iu
390 2565 486 2635 ἔσται
506 2564 541 2633 έκ
557 2572 615 2645 τῆς
635 2563 758 2640 κοιλίας
776 2593 846 2643 σου,
863 2562 915 2630 καὶ
934 2557 1101 2642 ἑτοιμάσω
1118 2560 1177 2640 τήν
1194 2559 1369 2646 βασιλείαν

272 2682 380 2752 αὑτοῦ.
432 2677 544 2756 Αθτός
568 2677 773 2760 οἰκοδομήσει
798 2707 854 2760 μοι
882 2673 969 2747 οἶκον
991 2681 1039 2764 τῷ
1063 2674 1203 2755 ὀνόματί
1226 2705 1300 2758 μου,
1316 2673 1369 2744 καὶ

314 2837 462 2908 te’rruuorlu]
479 2837 591 2906 ὑπακοήν
606 2838 637 2892 P.
668 2834 801 2904 ὑπ’ἆκοήν
815 2836 844 2890 S.
935 2842 951 2873 ¹¹
965 2835 992 2888 ἐν
1006 2850 1124 2904 supraso.
1140 2832 1171 2886 P.
1261 2837 1324 2886 Vr&
1339 2832 1368 2886 S,

273 2927 288 2958 ¹
302 2917 360 2990 τῆς]
376 2920 408 2986 τῇ
424 2918 454 2972 P.
536 2927 551 2971 t
565 2921 610 2972 τὸν
623 2917 684 2972 add.
700 2917 731 2971 P.
747 2916 794 2971 sed
808 2917 883 2970 deest
896 2915 924 2970 S.

272 3067 330 3104 non
344 3046 479 3104 doctrinae
494 3047 601 3103 Christi
615 3055 717 3121 gentes
731 3065 793 3103 esse
811 3046 1034 3103 auscultaturus:
1057 3045 1156 3102 iisdem
1177 3063 1263 3120 porro
1277 3043 1370 3100 verbis

273 3127 374 3184 similia
388 3127 512 3183 invenies
527 3127 554 3182 in
571 3127 684 3183 Psalmo
700 3126 809 3184 decimo
824 3126 964 3201 septimo:
981 3125 1009 3182 io
1024 3127 1171 3201 quaequod
1187 3125 1268 3182 nobis
1279 3124 1370 3180 visum

274 3217 326 3274 est,
342 3207 479 3280 sotejam
494 3206 626 3263 diximus.

654 3330 673 3366 Α
687 3329 797 3368 ruttulo
812 3330 991 3369 REGNORUH.

318 3409 356 3463 Et
368 3426 447 3473 nuuc,
463 3409 582 3465 Domine
596 3409 676 3465 Deus
691 3408 789 3472 lsrael,
804 3410 976 3484 confirmetur
988 3406 1050 3478 jam
1071 3409 1182 3464 uerbum
1199 3416 1285 3470 tuum,
1301 3407 1373 3480 quod

171 3517 202 3577 ἃ»
235 3516 240 3528 ·
275 3491 381 3546 locutus
394 3507 423 3546 es
434 3507 519 3563 puero
533 3497 581 3545 tuo
595 3490 692 3546 Dauid
698 3492 777 3564 putri
790 3507 858 3547 meo.
894 3489 1030 3553 Quoniam
1043 3491 1066 3544 si
1079 3507 1139 3544 vere
1153 3487 1283 3543 habitabit
1294 3486 1372 3542 Deus

275 3589 334 3627 cum
349 3570 499 3628 homiuibus
512 3572 541 3626 io
556 3571 788 3634 immoratum,
803 3577 829 3626 et
843 3571 936 3625 coelum
951 3569 1009 3624 ταδὶ
1022 3587 1075 3624 ooo
1090 3571 1197 3641 capient
1210 3574 1244 3622 te.
1277 3566 1372 3622 Posito

126 3651 169 3688 ⁶¹¹⁸*
276 3659 341 3707 sunt
350 3650 448 3707 eadem
458 3651 520 3707 hoeo
530 3650 566 3706 ad
575 3651 692 3708 verbum
704 3649 772 3706 item
781 3650 811 3705 in
821 3649 1041 3722 Paralipomenis
1053 3649 1083 3724 [2
1091 3648 1152 3704 Par.
1158 3647 1187 3712 6,
1197 3649 1269 3722 17.]:
1286 3646 1371 3719 siqui·

276 3730 340 3786 dem
355 3730 408 3804 ipsi
419 3731 511 3786 David
525 3731 665 3804 pollicitus
678 3730 771 3786 iuerat
785 3730 862 3786 Deus
877 3728 1065 3785 excitaturum
1080 3747 1111 3784 se
1125 3728 1161 3784 de
1172 3737 1271 3783 ventre
1284 3725 1373 3800 ipsius

276 3827 384 3884 regem,
396 3812 476 3884 cujus
486 3819 595 3884 patrem
607 3811 668 3867 fore
680 3829 710 3866 se
719 3809 779 3883 ipse
789 3811 866 3865 Deus
877 3808 996 3874 dixerat,
1007 3827 1094 3882 usque
1105 3808 1177 3864 odeo
1188 3815 1219 3864 ut
1231 3807 1254 3862 is
1265 3805 1311 3880 qui
1320 3825 1370 3861 na·

277 3896 401 3945 soeretur
416 3891 451 3946 de
462 3890 569 3947 semine
580 3891 672 3947 David
682 3900 757 3946 esset
773 3889 844 3946 filius
859 3889 911 3946 Dei
926 3889 1124 3954 nominandus,
1136 3895 1165 3944 et
1179 3887 1280 3943 solium
1291 3885 1373 3960 regni

276 3977 414 4029 eternum
427 3969 584 4026 habiturus.
629 3970 740 4027 Etenim
755 3971 816 4026 haeo
829 3970 858 4025 in
873 3970 996 4026 secundo
1009 3970 1173 4043 Regnorum
1190 3967 1373 4042 perNathan

178 4083 183 4095 ·
205 4082 212 4102 ι
277 4047 443 4124 prophetam
458 4067 594 4122 responsa
606 4059 673 4107 sunt
687 4049 739 4125 ipsi
753 4049 858 4116 David,
872 4050 901 4106 in
918 4051 994 4106 hune
1013 4049 1139 4112 modum,
1156 4047 1197 4104 Et
1218 4050 1269 4103 erit
1291 4064 1373 4121 quum

276 4129 402 4201 completi
417 4128 529 4202 fuerint
552 4131 606 4186 dies
631 4133 681 4196 tui,
704 4139 731 4187 et
755 4132 896 4187 dormieris
919 4149 980 4187 cum
998 4127 1128 4204 putribus
1152 4128 1216 4191 tuis,
1242 4125 1373 4183 suscitabo

276 4223 364 4262 serrem
383 4216 459 4264 tuum
475 4217 540 4282 pout
562 4216 596 4274 te,
612 4213 684 4283 quod
704 4211 755 4265 erit
775 4230 809 4267 er
829 4218 920 4266 ventre
940 4219 997 4274 tuo,
1012 4217 1038 4264 et
1056 4210 1161 4282 parabo
1176 4226 1288 4282 requam
1305 4203 1371 4276 eiua.

276 4286 340 4358 lpse
353 4288 497 4361 aedificobit
510 4287 576 4343 milri
590 4289 697 4344 domum
713 4291 738 4344 iu
753 4293 857 4346 nomios
870 4307 936 4353 meo,
952 4295 978 4344 et
996 4289 1100 4363 eriqom
1119 4289 1204 4344 oedem
1220 4287 1279 4359 ejus
1291 4303 1373 4360 usque
