3132 4714
60 263 185 328 ..330.
441 247 666 313 DEMONST.
691 248 860 316 EVANG.
886 250 968 314 VII.
991 271 1016 314 1.
1238 250 1302 322 659

196 408 401 508 παρουσίας
419 410 670 511 διαμεμένηκεν
690 412 716 510 ἦ
737 445 776 490 τε
801 418 873 490 τῶν
891 411 1071 491 Ἰουδαίων
1089 412 1147 490 καὶ
1166 419 1299 510 Δαμα-

198 539 345 631 σκηνῶν
366 536 549 633 βοσιλεία,
566 536 656 635 μετὰ
684 537 722 616 δὲ
748 536 814 636 τὴν
840 543 888 620 είς
913 536 1068 620 ΙΓπάντας
1094 537 1331 640 ἀνθρώπουςο

199 657 408 764 ἐπιφάνειαν
421 662 530 742 αὐτοῦ
542 663 748 748 ἀκολούθως
766 669 811 768 τῇ
829 662 1026 767 προρρήσει
1039 666 1302 762 διαλελοίπασι,

197 791 263 885 τῆς
285 789 473 888 Ῥωμαίων
502 792 698 894 μοναρχίας
729 788 1023 892 ἐπικρατησάσης
1056 789 1127 870 σῦν
1155 797 1206 898 τῷ
1238 799 1302 870 τοῦ

145 918 369 1017 Ῐοςὶῖωτῆρος
392 917 494 1014 ἡμῶν
511 915 722 1020 κηρύγματι.
785 920 856 996 Καὶ
881 916 995 998 ταῦτά
1022 951 1064 1020 γε
1085 917 1176 1020 πρὸς
1202 917 1324 1024 λέξινε

199 1041 381 1124 θεσπίσας
404 1043 424 1122 ὁ
447 1039 559 1144 λόγος
586 1044 790 1141 μετέβαινεν
808 1045 865 1123 ἐπὶ
889 1041 956 1142 τὴν
974 1041 1131 1122 διάνοιαν
1151 1045 1209 1122 καὶ
1236 1041 1303 1143 τὴν

200 1163 359 1248 καθόλου
386 1168 716 1270 πνευματικωτέραν
743 1172 781 1247 ἐν
808 1170 968 1271 θεωρίαις
995 1168 1184 1266 ἀπόδοσιν,
1211 1173 1298 1251 ῦπα-

200 1293 428 1394 στηοάμενός
457 1330 495 1375 τε
521 1296 584 1376 δύο
610 1297 726 1400 στίφη
755 1295 918 1400 ἀοράτων
941 1300 1079 1400 ἐχθρῶν
1108 1301 1166 1378 καὶ
1193 1310 1303 1379 πολε-

198 1419 289 1518 μίων
317 1420 495 1520 δαιμόνων
520 1430 696 1524 πονηρῶν,
725 1419 767 1502 τὸ
800 1422 946 1503 πάντων
973 1423 1172 1524 ἀνθρώπων
1199 1425 1302 1524 γένος

201 1542 379 1650 διαφόρως
406 1546 671 1645 πολεμούντων,
694 1545 731 1625 ἐν
758 1545 824 1645 μέν
850 1545 1009 1629 τῶντὰς
1036 1549 1073 1626 ἐν
1100 1547 1300 1648 ἀνθρώποις
1312 1583 1341 1616 10

200 1671 435 1775 ἐνεργούντων
454 1676 505 1754 ἀεὶ
525 1675 583 1752 καὶ
601 1671 753 1753 πάντοτε
773 1674 1085 1777 ἐἰδωλολατρείος
1104 1671 1244 1755 καὶτὰς
1263 1674 1301 1752 ἐν

200 1795 358 1900 δόγμασι
384 1799 631 1905 ιίιειιδοδοξίας,
649 1797 799 1901 θάτερον
822 1798 859 1879 δέ
885 1806 957 1878 τῶν
981 1801 1019 1878 ἐν
1037 1798 1143 1899 ἤθεσι
1170 1805 1326 1904 ψυχῶνθ

200 1923 400 2030 διαφθοράν
418 1923 739 2027 κατεργαζομένων·
770 1930 828 2005 καὶ
846 1923 904 2006 ιτῦ
929 1925 994 2025 μέν
1011 1931 1075 2026 τῆς
1100 1924 1296 2006 είδωλολά-

198 2083 284 2152 τρου
307 2050 450 2151 πλάνης
477 2051 594 2132 εἰκόνα
622 2053 742 2160 φέρειν
759 2053 960 2158 ἀποδείξας,
978 2051 1042 2132 τὸν
1060 2053 1217 2157 ἄρχοντα
1237 2058 1301 2152 τῆς

199 2186 414 2278 Δαμασκοῦ,
432 2177 474 2258 τὸ
500 2178 538 2259 δέ
563 2185 636 2260 τῶν
654 2181 691 2258 ἐν
708 2178 919 2261 άποπτοίσει
944 2187 1008 2259 τοῦ
1033 2182 1223 2283 σώφρονος
1242 2184 1300 2260 καὶ

198 2306 317 2407 ὑγιοῦς
334 2305 417 2400 βίον
434 2304 548 2386 τύπον
566 2302 664 2403 εἶναι,
675 2302 739 2386 τόν
757 2309 822 2404 τῆς
840 2306 1050 2408 Σαμαρείας,
1070 2307 1111 2385 ού
1129 2303 1322 2408 πρότερόνε

198 2436 292 2535 φησι
320 2431 456 2511 τούτων
483 2431 817 2533 ἀπαλλαγήσεσθαι
844 2433 910 2531 τὴν
937 2435 1016 2534 γῆν,
1047 2433 1154 2530 (οὕτω
1179 2438 1302 2510 καλῶν

197 2554 280 2640 τοῦς
304 2558 362 2638 ἐπὶ
385 2561 453 2657 γῆς
480 2565 729 2641 κατοικοῦντας
756 2557 990 2662 άνθρόπους,)
1016 2555 1039 2657 ἢ
1066 2561 1221 2662 φανῆναι
1243 2559 1301 2638 ε’πὶ
1366 2623 1368 2628 ,

197 2685 265 2782 γῆς
282 2683 346 2763 τόν
363 2681 598 2782 Ἐμμανουὴλ
614 2681 722 2764 Θεόν·
742 2683 870 2763 τούτου
889 2682 926 2764 δὲ
945 2681 1230 2787 ἐπιλάμψαντος,
1243 2686 1301 2761 καὶ

238 2837 347 2891 1’πάντα
362 2837 391 2892 S.
504 2835 730 2909 εείδιολολοτρίιιι
747 2838 776 2892 S.
891 2835 947 2892 tet
960 2837 1079 2907 pir—rb
1093 2835 1136 2908 tl]
1152 2839 1199 2892 τοῦ
1212 2837 1300 2906 μίν-

197 2917 245 2970 τοῦ
260 2917 289 2970 δι’
304 2915 338 2971 P.

198 3036 350 3102 utrumqne
378 3037 407 3086 et
427 3028 590 3086 Jndaeornm
619 3037 649 3086 et
676 3030 917 3087 Damascenorum
953 3029 1140 3106 permanserit
1168 3047 1297 3104 regnum.

199 3107 353 3184 Postquam
367 3127 435 3166 vero
450 3110 496 3167 ille
510 3110 546 3166 ad
561 3129 661 3166 omnes
674 3111 804 3167 homines
822 3111 945 3174 advenit,
961 3111 1034 3168 sicut
1048 3111 1191 3168 oraculum
1207 3111 1298 3184 ipsum

198 3189 377 3262 praedixerat,
393 3189 564 3256 deiecerunt,
581 3209 637 3264 quo
651 3199 780 3266 tempore
793 3191 942 3266 imperium
957 3191 1150 3248 Romanorum
1164 3211 1220 3248 nna
1234 3210 1299 3247 cum

200 3267 356 3326 Salvatoris
370 3269 459 3327 nostri
473 3271 664 3346 publicatione
678 3271 814 3329 invaluit:
838 3273 942 3328 ethaeo
960 3273 997 3328 ad
1011 3273 1127 3329 verbnm
1142 3291 1206 3329 cum
1226 3273 1298 3328 ceci-

201 3349 289 3408 nisset
302 3350 457 3416 oraculum,
471 3351 603 3408 transivit
617 3351 652 3407 ad
670 3371 785 3408 sensum
803 3361 833 3408 et
854 3352 1079 3426 intelligentiam,
1094 3361 1122 3408 et
1136 3353 1172 3407 ad
1187 3351 1299 3407 univer·

201 3429 288 3486 edem
302 3431 418 3503 majoris
432 3432 546 3505 spiritus
566 3431 596 3488 in
615 3433 833 3506 contemplando
852 3431 1068 3505 expositionem,
1084 3440 1113 3486 et
1127 3449 1213 3504 quum
1228 3431 1299 3486 dnos

201 3509 312 3568 ordines
337 3509 461 3567 hostium
486 3521 571 3587 atque
596 3511 774 3570 inimicorum
795 3511 986 3575 invisibilium,
1007 3511 1061 3566 hoc
1089 3519 1132 3566 est
1160 3509 1299 3565 malorum

200 3590 370 3656 daemonnm,
384 3591 562 3659 instituisset,
585 3592 632 3666 qui
651 3611 735 3649 omne
754 3591 901 3648 hominum
922 3609 1014 3666 genus
1032 3589 1116 3646 variis
1135 3589 1227 3645 modis
1248 3607 1298 3662 op-

199 3679 338 3746 pugnant,
348 3689 435 3728 unum
447 3673 560 3747 quidem
575 3691 672 3729 eorum
688 3673 734 3746 qui
745 3681 775 3729 et
786 3671 908 3746 undique
922 3681 952 3728 et
963 3689 1074 3745 semper
1085 3669 1158 3725 inter
1169 3668 1299 3725 homines

200 3751 291 3808 cultus
313 3751 559 3817 simulachrorum,
579 3752 655 3810 etin
675 3753 854 3827 opinionibus
877 3752 963 3808 falsas
983 3750 1139 3808 sententias
1160 3759 1299 3826 generent

200 3839 283 3905 atque
297 3832 431 3898 efficiunt,
446 3833 565 3890 alterum
579 3852 647 3890 vero
661 3851 759 3890 eorum
774 3833 864 3908 quiin
881 3833 1007 3889 moribus
1027 3831 1184 3888 animarum
1205 3830 1297 3905 perdi-

199 3911 306 3968 tionem
334 3922 418 3986 atque
439 3913 584 3970 interitum
609 3913 764 3970 moliuntur
785 3933 926 3988 quumque
948 3912 1051 3969 erroris
1072 3911 1100 3967 in
1123 3911 1298 3968 simulachris

200 3990 325 4048 colendis
349 3992 503 4067 imaginem
527 3993 601 4050 ferre
626 3993 796 4050 ostendisset
819 4013 883 4050 eum
907 3994 955 4068 qui
980 3992 1113 4049 Damasci
1135 3992 1297 4069 imperaret,

199 4071 261 4146 ejus
274 4091 343 4129 vero
358 4091 408 4146 per
422 4093 504 4148 quem
520 4073 650 4130 homines
667 4094 685 4130 a
703 4074 874 4151 temperanti
893 4091 1017 4148 sanoque
1032 4073 1108 4129 victu
1121 4072 1299 4128 deducuntur

200 4151 322 4228 figuram
336 4171 407 4218 esse,
422 4172 486 4210 eum
502 4155 549 4228 qui
564 4153 719 4210 Samariae:
742 4173 800 4210 non
814 4154 892 4227 prius
911 4155 950 4210 ait
963 4163 1069 4210 terram
1088 4153 1123 4208 ab
1138 4153 1215 4210 bisce
1229 4153 1298 4208 lihe-

200 4233 317 4289 randam
343 4233 393 4301 (sit
418 4235 513 4308 utique
537 4253 642 4290 vocans
666 4233 796 4290 homines
817 4233 847 4288 in
871 4241 947 4290 terra
968 4234 1143 4309 habitantes)
1162 4251 1245 4306 quam
1271 4232 1299 4286 in

179 4320 275 4368 terra
299 4314 488 4388 conspiciatur
510 4314 677 4372 Emmanuel
701 4314 794 4370 Deus:
818 4313 865 4370 ubi
886 4323 979 4371 autem
1002 4313 1048 4370 hic
1069 4314 1202 4375 illuxerit,
1223 4319 1251 4364 ct
1270 4311 1299 4363 in

750 4427 799 4463 Ta
