3144 4720
79 254 216 313 -401.
449 243 677 309 DEMONST.
701 247 871 313 EVANG.
896 249 995 314 VllI.
1013 272 1040 318 2.
1265 256 1329 323 799

228 405 401 498 μαθηταῖς
420 407 477 482 καὶ
496 407 725 504 ἀποστόλοις,
741 413 799 488 καὶ
817 416 890 492 τοῖς
908 411 952 515 ἐξ
963 412 1143 514 Ἐβραίων
1157 417 1206 494 εἷς
1220 411 1329 490 αὐτὸν

227 527 506 606 πεπιστευκόσιν
536 528 678 626 ἅπασις
725 532 833 633 Πλὴῦ
865 534 965 612 ἀλλὰ
996 535 1052 626 τῆς
1085 539 1172 638 μιᾶς
1206 537 1328 631 ταύτης

227 644 429 753 ἑβδομάδα,
456 655 537 732 καθ’
558 652 602 751 ἣν
629 657 873 755 ἐνεδυνάμωσε
900 659 966 758 τὴν
991 664 1219 758 δηλωθεῖσαν
1246 667 1324 740 δια-

227 773 338 872 θήκην
356 783 430 859 τοῖς
446 787 608 876 πολλοῖς,
629 783 658 860 ἒν
680 781 727 886 rc}
752 787 861 886 ἡμίσει
889 783 958 887 ἤρθη
983 783 1081 864 θυσία
1106 795 1165 865 καὶ
1189 784 1324 879 croadis,
1338 795 1365 845 ¹⁵
1402 869 1441 912 ΘΙ

173 900 264 976 ιητί
310 935 347 978 τι
389 896 581 1006 βδέλυγμα
626 904 682 996 rire
729 907 917 1010 ἐρημώσεως
954 908 1101 1013 ἤρξατο,
1140 867 1402 1014 ε’πειδίγιτερΜ

225 1021 451 1123 μεσαζούσης
475 1031 537 1124 τῆς
563 1027 760 1124 ἑβδομάδος
788 1033 918 1131 ταύτης
942 1031 1033 1130 μετὰ
1056 1033 1119 1112 τὸν
1137 1035 1250 1132 ἥμισυ
1267 1040 1326 1116 καὶ

225 1151 341 1246 τριετῆ
368 1150 499 1252 χρόνον
525 1155 587 1248 τῆς
615 1155 848 1237 διδασκαλίας
876 1157 993 1251 αῦτοῦ,
1022 1160 1102 1236 καθ’
1133 1156 1174 1236 δν
1201 1160 1324 1261 καιρὸν

224 1269 389 1366 πέπονθε,
409 1271 451 1352 τὸ
471 1275 730 1373 καταπέτασμα
756 1286 820 1357 τοῦ
845 1289 931 1358 ναοῦ
949 1279 1081 1382 ἐρράγη
1099 1282 1171 1362 ἀπὸ
1189 1283 1347 1367 ἅνωθενε

224 1395 288 1478 ἕως
313 1397 423 1476 κάτα·
454 1401 501 1482 ὡς
524 1377 568 1505 ἐξ
593 1401 722 1480 ἐκείνου
747 1401 891 1499 δυνάμει
918 1402 1024 1506 ἦρθαα
1050 1405 1094 1510 ἐξ
1117 1407 1233 1485 αὐτῶν
1259 1406 1325 1505 τὴν

223 1521 386 1618 σπονδὴν
403 1527 461 1601 καὶ
481 1523 547 1620 τὴν
569 1525 708 1620 θυσίαν,
728 1529 785 1604 καὶ
811 1525 852 1604 τὸ
878 1527 1067 1629 βδέλυγμα
1094 1535 1157 1628 τῆς
1182 1532 1321 1632 ἐρημώ-

223 1679 316 1727 σεως
343 1649 400 1725 ε’πὶ
428 1647 470 1726 τὸ
498 1647 591 1749 ἱερὸν
620 1650 868 1747 *καταστῆναη
897 1654 1166 1750 καταλιπούσης
1196 1654 1323 1739 αὐτοῦς

222 1769 371 1870 ἐρήμους
389 1775 451 1868 τῆς
470 1771 638 1851 ἀνέκαθεν
661 1778 708 1855 εἰς
726 1775 835 1852 έκεῖνο
861 1784 983 1874 καιροῦ
1007 1775 1071 1855 τὸν
1095 1776 1207 1858 τόπον
1231 1782 1316 1884 ε’φο-
1331 1819 1362 1853 10

169 1895 345 1995 „wolone
370 1899 428 1975 καὶ
453 1898 722 1997 ἐπισκοπούσης
750 1899 940 1996 δυνάμεως.
1002 1903 1122 2006 Μέχρι
1145 1911 1234 2003 γοῦν
1255 1913 1349 1982 τοῦδ

221 2022 401 2121 σωτηρίου
418 2020 553 2104 πάθους
572 2018 662 2100 εἶναι’
676 2055 755 2100 τινα
770 2028 865 2101 Θεοῦ
883 2024 1031 2121 δύναμιν
1049 2029 1320 2107 ἐπισκοποῦσαν

222 2143 263 2224 τὸ
294 2142 386 2246 ἱερὸν
412 2149 471 2224 καὶ
496 2144 538 2224 τὸ
568 2145 669 2246 ἅγιον
697 2153 769 2225 τῶν
795 2148 907 2247 ἁγίων
936 2150 1101 2249 ἡγεῖσθαι
1128 2150 1316 2254 προσήκει.

222 2270 280 2348 ot
308 2267 380 2370 γὰρ
405 2267 449 2347 ἂν
478 2268 603 2352 ἄλλως
632 2272 690 2348 καὶ
720 2268 825 2353 αὐτὸς
851 2268 927 2368 ἅμα
951 2281 1024 2356 τοῖς
1048 2282 1201 2357 πολλοῖς
1225 2309 1341 2360 συν-ε

221 2391 363 2495 ήδρευεν
389 2396 426 2471 έν
448 2399 499 2498 τῷ
524 2399 605 2498 ἱερῷ
631 2392 695 2477 τὰς
720 2393 811 2473 κατὰ
836 2392 965 2492 νόμους
990 2398 1113 2496 ἑορτὰς
1136 2400 1319 2496 ἐπιτελῶν,

220 2517 270 2616 μὴ
290 2520 367 2622 οὐχὶ
387 2519 437 2596 ἔτι
455 2525 667 2597 συνεστῶτα
693 2522 750 2596 καὶ
773 2525 868 2598 θεοῦ
894 2517 980 2598 εἶναι
1006 2521 1108 2626 ἄξιον
1127 2521 1190 2600 τὸν
1208 2523 1320 2603 τόπον

166 2693 213 2738 114
221 2643 330 2726 εἶδιύς.
385 2641 515 2720 Ἦσαν
537 2643 600 2721 οῦν
621 2646 658 2720 ἐν
676 2649 728 2748 τῷ
747 2647 828 2749 ἱερῷ
847 2647 904 2721 καὶ
925 2644 1210 2748 προφητεύοντές
1228 2681 1320 2728 τινες

594 2817 726 2892 ῑῆρχθοι]
743 2821 898 2887 καταστῆναι
913 2820 944 2875 Ρ.

221 2969 279 3028 Sed
290 2970 390 3044 quibus
402 2970 494 3028 multis
506 2970 535 3026 id
549 2971 748 3028 confirmavit?
770 2971 883 3044 Nempe
898 2970 956 3026 suis
970 2969 1113 3044 discipulis
1127 2979 1157 3028 et
1170 2973 1316 3048 apostolis,
1412 3027 1423 3044 ,

219 3050 308 3124 iisque
336 3051 467 3106 omuibus
495 3050 653 3124 quicunque
688 3069 724 3107 ex
753 3050 884 3107 Hebraeis
911 3051 941 3106 iu
970 3050 1053 3107 fidem
1082 3051 1143 3124 ejus
1169 3061 1317 3110 venerunt.

220 3129 361 3187 Ceterum
376 3129 406 3186 iu
420 3129 537 3204 hujusce
555 3133 632 3186 unius
651 3129 823 3186 hebdomadis
842 3130 939 3194 medio,
954 3129 983 3184 iu
1004 3149 1060 3203 qus
1080 3131 1149 3187 illud
1168 3132 1259 3205 ipsum
1282 3132 1335 3188 de.

219 3227 276 3282 quo
290 3209 413 3265 diximus
424 3217 624 3266 testamentum
637 3209 732 3265 multis
743 3207 930 3276 continuavit,
941 3208 1078 3265 sublatum
1091 3218 1132 3267 est
1145 3213 1316 3286 sacrificium.

219 3296 245 3342 et
260 3288 363 3352 libatio,
379 3289 593 3361 abominatioque
607 3289 778 3345 desolationis
798 3287 932 3343 inchoata
952 3294 1005 3350 est.
1022 3288 1248 3362 quandoquidem
1262 3291 1316 3346 hac

218 3367 279 3440 ipsa
304 3367 481 3424 hebdomade
505 3368 565 3441 jam
588 3367 623 3423 ad
648 3365 774 3422 medium
802 3366 845 3421 sui
870 3365 991 3439 spatium
1019 3367 1113 3432 ducta,
1143 3377 1208 3441 post
1229 3369 1315 3426 trium

218 3465 356 3502 unaarum
370 3454 483 3521 tempas
504 3455 533 3503 et
554 3445 639 3503 semis
660 3445 796 3501 doctrinm
817 3443 900 3510 illius,
923 3462 978 3516 quo
992 3452 1120 3518 ternpore
1140 3465 1240 3520 passus
1261 3455 1314 3512 est,

218 3526 311 3582 velum
325 3525 423 3599 templi
444 3525 563 3582 scissum
577 3534 652 3582 esta
670 3541 780 3579 summo
799 3541 887 3595 usque
909 3522 1061 3580 deorsum:
1084 3533 1116 3580 ut
1130 3543 1166 3581 ex
1187 3525 1236 3581 illo
1253 3527 1314 3599 jam

218 3607 246 3660 vi
260 3601 380 3679 quisdam
402 3604 512 3661 sublate
532 3604 616 3660 fuerit
636 3604 672 3660 ab
689 3602 730 3659 eis
742 3602 841 3660 libatio
859 3611 889 3658 et
907 3602 1084 3667 sacrificium,
1099 3610 1128 3660 et
1142 3605 1314 3662 abominatio

219 3685 401 3742 desolationis
421 3684 451 3740 iu
467 3684 573 3757 templo
590 3682 703 3747 sederit,
718 3690 816 3755 utpote
829 3699 915 3754 quum
929 3699 979 3738 eos
994 3681 1082 3738 virtus
1103 3682 1150 3740 illu
1170 3682 1314 3756 reliquerit

218 3764 303 3829 solos,
318 3783 381 3838 quse
395 3764 431 3820 ab
444 3763 525 3820 initio
539 3763 575 3818 ad
589 3763 657 3819 illud
667 3779 755 3835 usque
768 3771 881 3834 tempus
895 3769 924 3818 et
937 3761 1054 3818 tutelam
1066 3769 1095 3818 et
1109 3761 1314 3835 providentiam

218 3845 278 3916 ejus
299 3843 355 3900 loci
378 3843 515 3917 gerebat:
537 3861 604 3898 uam
625 3842 661 3898 ad
682 3841 750 3897 illud
767 3859 855 3914 usque
876 3849 989 3914 tempus
1009 3859 1065 3913 quo
1083 3840 1130 3897 ille
1151 3859 1203 3914 pro
1224 3841 1313 3899 salute

218 3931 315 3979 nostra
335 3939 435 3996 passus
456 3929 500 3978 est
519 3922 642 3978 divinam
662 3921 803 3995 quandam
817 3921 873 3976 vim
892 3919 980 3976 fuisse
1001 3938 1063 3993 quae
1082 3929 1111 3976 et
1126 3920 1263 3994 templum
1285 3930 1315 3978 et

218 4010 346 4058 sanctum
361 4009 522 4058 unctorum
537 4008 664 4058 tueretur
676 4000 838 4056 existimare
853 4017 903 4072 par
917 4007 970 4055 est.
1017 3997 1135 4072 Alioqui
1149 4001 1216 4074 quid
1230 4019 1313 4073 opor-

218 4082 295 4137 tebat
319 4081 398 4136 illum
420 4099 477 4136 uua
498 4098 562 4136 cum
585 4081 646 4136 aliis
670 4079 766 4136 multis
788 4079 887 4135 sedere
910 4077 939 4133 ia
965 4078 1070 4151 templo
1093 4086 1178 4135 etex
1201 4079 1314 4153 legibus

217 4159 307 4217 festos
321 4161 382 4217 dies
395 4160 548 4224 celebrare,
563 4159 586 4215 si
604 4159 728 4216 novisset
744 4176 801 4213 nou
816 4156 935 4229 amplius
949 4157 1103 4213 consistere
1117 4157 1211 4214 locum
1226 4159 1314 4223 illum,

217 4257 307 4314 neque
327 4237 380 4296 Dei
398 4239 548 4314 presentia
569 4239 686 4312 dignum
710 4237 793 4294 esse?
816 4237 941 4292 Fuerunt
966 4236 1052 4310 igitur
1076 4236 1112 4292 ad
1134 4237 1203 4293 illud
1226 4254 1314 4309 usqae
