3144 4720
58 289 188 358 -429.
442 276 668 342 onnousn.
693 277 862 344 nunus.
887 281 956 343 rx.
973 295 1004 364 5·
1237 281 1301 344 sm

178 431 325 521 t'Omm
344 435 381 516 δέ
406 446 518 518 ταῦτα
540 437 667 524 τέλους
684 441 797 544 ἔτυχε,
816 442 874 519 καὶ
891 439 938 519 τὰ
955 440 1039 538 ἔθνη
1057 439 1121 518 τὸν
1139 440 1304 541 Χριστὸν

201 561 339 661 ἐπέγνω
365 570 429 642 τοῦ
455 569 561 660 θεοῦ,
579 567 786 668 μακρῶνού
814 569 869 645 δεῖ
889 565 1024 667 λίνγων.
1085 568 1157 645 Καὶ
1175 563 1221 644 τὰ
1239 564 1306 665 μέν

199 685 291 789 ῥητὰ
309 696 435 768 τοῦτον
453 692 654 793 ἐπληροῦτο
670 689 735 771 τὸν
752 690 898 794 τρόπον.
948 694 1000 772 Τί
1015 694 1044 771 δ
1063 687 1110 790 ἦν
1127 689 1169 770 τὸ
1192 690 1306 770 αἴτιον

199 821 263 892 τοῦ
280 811 330 912 μὴ
349 817 387 893 ἐν
404 813 546 911 πόλεσι,
565 816 616 916 μὴ
634 817 664 896 δ’
681 817 733 897 ἐπ’
747 820 855 916 αὐτῆς
874 822 937 916 τῆς
953 816 1203 920 Ἰερουσαλὴμ,
1217 819 1301 895 ἀλλ’

197 940 255 1018 ἐπὶ
274 943 338 1037 τῆς
355 938 486 1042 ἐρήμου
498 940 668 1042 Ἰωάννην
685 942 915 1045 παρελθόντα
933 942 1114 1045 κηρύττειν
1130 976 1141 1040 ;
1172 943 1221 1022 ‘O
1237 943 1302 1042 μέν
1312 983 1343 1017 ιο

198 1097 252 1148 τις
277 1065 395 1168 φήσαι
422 1065 467 1146 ἂν
493 1073 542 1150 είς
569 1068 835 1171 ἀποπλήρωσιν
862 1074 925 1168 τῆς
952 1069 1173 1172 προφητείας
1196 1078 1328 1148 τοῖποο

175 1189 308 1270 anniv
335 1193 573 1293 πεποιηκέναι.
623 1195 730 1273 Ἀλλ’
750 1195 771 1272 ὁ
798 1193 947 1297 ἀκριβὴς
972 1192 1098 1277 εὐθέως
1120 1192 1302 1299 ἐξετάζων,

199 1321 289 1418 αὕτη
312 1319 349 1398 δέ
368 1321 390 1419 ἡ
409 1322 611 1424 προφητεία
634 1323 673 1400 τί
694 1323 774 1402 ποτ’
794 1323 864 1424 ἄρα
888 1324 1075 1421 σημαίνειν
1099 1322 1303 1420 βουλομένη

198 1440 265 1542 τὴν
290 1444 421 1547 ἔρημον
446 1448 504 1524 καὶ
531 1443 578 1524 τὰ
603 1447 678 1526 κατ’
699 1444 809 1545 αὐτὴν
837 1445 976 1545 ἐδήλου,
999 1445 1181 1527 πεύσεται·
1212 1444 1325 1549 opius

198 1565 240 1650 ὃν
258 1568 426 1675 φήσομεν
450 1570 504 1650 ὅτι
530 1574 588 1651 καὶ
613 1579 720 1651 τοῦτο
743 1578 893 1671 σημεῖον
916 1569 962 1670 ἦν
983 1571 1220 1674 καθαιρέσεως
1238 1576 1302 1671 τῆς

197 1693 446 1795 Ἰερουσαλὴμ,
474 1700 533 1776 καὶ
560 1706 625 1776 τοῦ
651 1695 741 1802 πρὸς
769 1700 858 1801 αὐτῇ
886 1700 1153 1803 θυσιαστηρίου,
1173 1705 1237 1799 τῆς
1263 1734 1303 1781 τε
1329 1731 1333 1745 ·

197 1819 289 1900 κατὰ
306 1819 371 1900 τὸν
389 1822 557 1905 Μωσέως
575 1822 684 1922 νόμον
703 1825 878 1928 λατρείας,
897 1824 955 1905 ἐπε
973 1825 1091 1925 μηκέτ’
1107 1829 1225 1911 αὐτοῖς
1243 1827 1302 1907 διὰ

195 1952 268 2024 τῶν
286 1945 377 2026 κατὰ
396 1947 505 2047 νόμον
524 1954 660 2028 θυσιῶν
677 1947 725 2028 τὰ
743 1954 806 2049 τῆς
822 1951 1009 2057 ιδοίφέσεως
1027 1958 1099 2030 τῶν
1118 1954 1301 2055 ἁμαρτιῶν

196 2073 432 2178 προύξενεῖτο,
444 2072 546 2153 ἀλλὰ
563 2074 622 2154 διὰ
639 2074 848 2178 καθάρσεως
861 2085 1016 2179 λουτροῦ
1033 2079 1091 2156 ἐπὶ
1109 2082 1172 2175 τῆς
1184 2076 1300 2158 πάλαι
1311 2089 1341 2156 ro

197 2196 350 2304 διψάδος
368 2201 426 2278 καὶ
445 2198 587 2301 ἐρήμου,
606 2200 702 2302 λέγω
728 2201 766 2282 δὲ
790 2207 854 2301 τῆς
872 2209 945 2283 τῶν
962 2204 1074 2282 ἐθνῶν
1096 2203 1331 2301 ἐκκλησίας,ᾱ

195 2323 487 2426 παραδιδομείιου,
514 2328 552 2403 ἐν
579 2322 603 2429 ᾗ
632 2329 689 2404 καὶ
717 2328 740 2425 ἡ
766 2327 968 2433 προφητικὴ
996 2329 1168 2429 γενομένη
1195 2326 1300 2434 φωνὴ

196 2448 387 2550 ἑτοιμάζειν
422 2449 700 2553 παρακελεύεται
737 2451 802 2550 τὴν
841 2451 924 2532 ὁδὸν
962 2455 1108 2556 Κυρίου,
1139 2453 1203 2538 τὰς
1234 2453 1300 2554 μέι(

196 2572 292 2653 κάτω
323 2608 395 2654 που
427 2581 475 2659 είς
504 2574 618 2671 βάθος
650 2577 773 2660 κακίας
806 2580 854 2661 ῶς
882 2580 921 2656 ἐν
949 2575 1112 2682 φάραγγι
1142 2577 1321 2674 κειμέναςς

195 2698 320 2805 ψυχὰς
337 2700 619 2804 ἐπαρθήσεσθαι,
636 2700 683 2782 τὰ
702 2701 739 2780 δέ
756 2701 872 2782 πάλαι
891 2703 1073 2808 ὑψώματα
1089 2707 1154 2801 τῆς
1171 2703 1299 2804 Ἰερου-

650 2882 666 2913 ¹¹
680 2871 798 2945 ἐφίσευς
812 2873 840 2929 S.

195 3023 225 3074 et
238 3025 341 3092 gentes
355 3016 503 3074 Christum
516 3017 571 3074 Dei
589 3017 768 3093 agnoverint,
782 3019 879 3077 multis
899 3038 958 3076 non
980 3037 1051 3094 opus
1071 3026 1116 3076 est
1130 3018 1224 3075 verbis
1238 3039 1244 3073 :
1269 3027 1298 3076 et

195 3114 258 3171 qum
279 3097 392 3172 quidem
413 3096 586 3154 adverbum
608 3099 701 3156 solent
724 3099 905 3165 considerari,
923 3101 953 3156 in
972 3099 1049 3156 huno
1069 3099 1211 3174 completa
1230 3108 1298 3156 sunt

194 3177 321 3234 modum.
365 3177 508 3234 Ceterum
533 3179 601 3251 quid
624 3197 722 3252 queso
745 3179 799 3236 fuit
820 3180 850 3237 in
872 3198 966 3245 oauss,
989 3188 1101 3237 utnon
1128 3179 1159 3236 in
1181 3178 1297 3236 urbibus

194 3275 287 3332 neque
301 3257 331 3313 in
344 3257 406 3332 ipss
420 3257 609 3324 Hierusalem,
625 3259 719 3316 sedin
733 3259 855 3323 deserto,
869 3259 996 3316 Joannes
1010 3267 1178 3334 suggestum
1194 3258 1247 3316 sibi
1260 3259 1298 3315 ad

194 3337 404 3411 predicandum
423 3337 563 3413 elegerit?
584 3339 631 3396 Ad
651 3339 707 3396 hoo
727 3338 865 3412 quispiam
878 3338 1000 3396 fortasse
1016 3337 1203 3413 responderit,
1217 3337 1296 3394 illum

194 3416 250 3474 hoo
265 3416 366 3474 senisse
386 3427 418 3474 ut
438 3419 587 3492 prophetia
607 3419 804 3492 compleretur.
846 3416 905 3475 Sed
926 3419 974 3494 qni
994 3418 1160 3493 exquisitius
1179 3436 1212 3475 se
1233 3416 1295 3473 dili-

194 3497 309 3572 gentins
331 3515 362 3554 se
387 3497 482 3554 doceri
497 3499 628 3564 voluerit,
650 3498 725 3554 illioo
746 3497 945 3572 interrogabit,
966 3498 1044 3572 utqui
1064 3497 1215 3574 prophetia
1235 3495 1297 3555 λιες

194 3577 263 3650 quid
282 3577 399 3634 tandem
420 3578 473 3635 sibi
493 3579 615 3644 volebat,
638 3595 725 3651 quum
744 3577 888 3634 desertum
911 3588 941 3635 et
958 3597 993 3635 es
1013 3597 1075 3652 que
1097 3578 1133 3633 ad
1154 3576 1185 3632 id
1204 3593 1297 3651 genus

192 3657 336 3731 pertinent
350 3658 538 3716 enuntiabat?
562 3658 617 3715 Cui
633 3656 876 3732 respondebimus,
892 3658 968 3732 qnod
982 3659 1037 3715 hoo
1051 3674 1162 3732 quoque
1181 3655 1296 3728 signum

192 3746 254 3794 erut
274 3737 435 3796 evertendae
451 3738 529 3794 urbis
544 3737 735 3803 Hierusalem,
751 3746 780 3794 et
800 3738 863 3811 ejus
884 3739 960 3812 qnod
980 3739 1010 3796 in
1029 3739 1091 3813 ipsa
1110 3744 1171 3793 erat
1187 3734 1294 3802 alteris,

191 3817 318 3892 ritusque
338 3817 412 3875 illins
437 3818 485 3892 qui
509 3818 663 3874 seeundum
685 3817 844 3876 Mosuioom
867 3819 962 3894 legem
983 3818 1155 3883 servabatur,
1179 3814 1294 3890 quondo

190 3915 250 3955 non
265 3897 385 3972 amplius
397 3917 449 3973 per
461 3897 589 3973 legitima
602 3897 739 3955 munificis
751 3898 881 3956 remissio
894 3899 949 3955 illis
964 3905 1142 3972 peccatorum
1157 3893 1291 3952 concilis-

191 3977 285 4043 bstnr,
300 3979 352 4035 sed
370 3997 422 4054 per
442 3978 640 4054 purgationem
661 3978 774 4044 lavsori,
789 3978 868 4052 qnod
886 3978 916 4034 in
937 3977 1005 4034 olim
1026 3975 1168 4032 sitibunda
1186 3995 1219 4032 ao
1240 3975 1290 4032 de·

192 4066 278 4123 sena,
293 4058 357 4115 dico
371 4067 466 4116 antem
484 4059 514 4114 in
531 4057 651 4116 oolleota
663 4057 699 4114 de
713 4058 848 4132 gentibus
861 4057 989 4121 eeclesia,
1004 4055 1175 4121 tradebatur,
1189 4055 1220 4112 in
1233 4071 1290 4131 qus

193 4137 280 4194 etiam
298 4138 346 4195 illa
365 4157 428 4214 quie
446 4138 523 4196 fucta
540 4147 586 4195 est
604 4137 769 4213 prophetioe
780 4155 839 4194 vox
858 4153 957 4211 parere
970 4136 1047 4194 viam
1061 4133 1179 4192 Domini
1196 4135 1288 4209 jubet,

194 4217 263 4276 dum
285 4218 405 4275 malitias
422 4218 452 4274 in
472 4218 531 4276 imo
551 4217 674 4292 quodem
693 4217 784 4274 fundo
804 4217 884 4292 qnasi
903 4216 934 4272 in
954 4215 1081 4274 convalle
1101 4215 1209 4290 positas
1228 4214 1289 4272 eni·

194 4316 304 4356 mamm
318 4298 494 4364 auferendas,
508 4306 538 4356 et
553 4305 660 4357 veteres
674 4297 753 4355 orbis
768 4295 947 4355 Hierusalem
968 4303 1052 4373 atque
1072 4313 1172 4356 eorum
1193 4293 1240 4372 qui
1259 4293 1292 4355 iu

704 4411 787 4452 une
