3120 4716
3 192 12 291 l
60 227 191 306 -μα
408 233 636 302 onnonsr.
662 238 831 306 nvnno.
856 243 1051 307 κειται.
1240 243 1300 309 οι]

198 399 307 478 αὐτοῦ
338 401 421 496 βίον
451 405 654 510 διεξελθεῖν,
683 411 838 487 συνιδεῖν
867 443 905 488 τε
935 409 1036 492 αὖθις
1064 406 1121 487 οἶα
1153 407 1302 508 συμβή·

199 530 332 603 σεσθαι
353 529 434 627 περί
452 528 591 608 mauron
608 529 743 611 ἄνωθεν
762 535 800 612 ἐκ
819 539 891 612 τῶν
908 538 1142 638 προφητικῶν
1160 534 1303 612 ἐθεσπί-
1317 565 1348 600 10

176 647 277 750 ’ζετο
295 648 445 753 χρόνων.
505 659 641 756 Πριίντο
666 656 704 736 δὲ
727 657 956 756 διελεύσομαι
976 657 1023 738 τά
1046 662 1127 760 περὶ
1152 663 1225 737 τῶν
1242 657 1306 738 τὸν
1314 687 1345 749 p·
1356 668 1421 746 462

201 771 356 855 θάνατον
397 779 493 885 αὐτῷ
534 782 925 886 συσκευωρησαμίνων,
962 783 1067 886 με’ρος
1104 785 1146 862 οῦ
1181 783 1307 884 μικρὸν

200 899 424 1003 τυγχάνοντα
456 908 520 1001 τῆς
550 907 781 1008 προκειμένης
807 907 1030 1010 προτάσεως.
1091 916 1173 1012 Προ
1200 908 1243 989 δέ
1265 945 1306 1010 γε

201 1034 265 1104 τοῦ
296 1027 408 1129 λόγου
440 1028 486 1108 τὰ
515 1031 695 1114 πολλάκις
723 1033 806 1130 ἡμῖν
834 1033 998 1134 εἰρημένα
1025 1037 1105 1135 περὶ
1135 1039 1199 1133 τῆς
1229 1037 1329 1116 κατε

200 1149 309 1229 αὐτὸν
326 1156 525 1249 οἰκονομίας
543 1156 722 1257 τηρητέον,
741 1156 796 1236 ὅτι
815 1157 859 1257 δὴ
880 1157 926 1237 τὰ
945 1157 1011 1256 μὲν
1030 1158 1121 1238 κατοί
1139 1157 1205 1257 τὴν
1224 1159 1305 1238 θεά·

200 1309 290 1374 τητα
320 1279 438 1374 αὐτοῦ,
460 1276 507 1356 τά
531 1279 569 1359 δὲ
597 1279 689 1359 κατὰ
715 1266 783 1379 τὴν
808 1283 1079 1384 ε’νανθροίπησιν
1107 1285 1303 1363 ἐπινοεῖται.

177 1405 262 1499 anfi
284 1400 439 1505 μὲνγὰρ
463 1404 645 1505 εἰσάγεται
664 1407 784 1507 Λόγος
801 1403 852 1486 οἰν
870 1413 976 1506 Θεοῦ,
995 1411 1053 1487 καί
1073 1414 1169 1488 Θεοῦ
1193 1407 1300 1488 δύνα·

198 1561 267 1623 μις,
287 1530 345 1606 καί
365 1534 461 1607 Θεοῦ
479 1529 605 1635 σοφία,
618 1531 781 1631 μεγάλης
798 1566 837 1612 τε
854 1538 990 1631 βουλῆς
1009 1533 1176 1634 άγγελος,
1191 1535 1304 1635 με’γας
1315 1567 1344 1603 ¹⁰

198 1686 236 1732 τε
259 1657 318 1732 καί
341 1655 479 1738 αἰώνιος
498 1654 687 1759 οἰρχιερεῦς,
707 1657 795 1761 ὑπὲρ
812 1662 876 1759 τῆς
894 1665 967 1738 τῶν
985 1665 1165 1759 γεννητῶν
1183 1657 1300 1739 ἁπάν·
1389 1717 1398 1740 .

199 1813 271 1860 των
298 1780 503 1864 οὐσιώσεῶς
528 1816 566 1860 τε
589 1786 647 1861 καί
673 1785 851 1886 σοντηρίας
876 1785 1070 1885 ἰεριομένος,
1096 1789 1154 1864 καί
1182 1783 1332 1866 incoli-b

199 1940 303 2002 μενος
321 1907 384 1986 τὸν
402 1906 552 2010 πατέρα·
582 1912 633 2006 πῆ
650 1908 688 1988 δὲ
705 1910 725 1987 ὁ
744 1907 855 2007 ἀμνὸς
873 1919 937 1989 τοῦ
956 1915 1052 1988 Θεοῦ
1071 1911 1090 1988 ὁ
1110 1909 1219 2011 αἴρων
1237 1908 1302 2009 τὴν

199 2033 375 2135 ἁμαρτίαν
398 2042 462 2113 τοῦ
489 2031 717 2130 κόσμου,καί
740 2032 927 2134 πρόβατον
952 2036 1009 2115 ἐπὶ
1033 2034 1184 2139 σφαγὴν
1208 2035 1299 2137 άγόε

196 2187 316 2256 μενον·
337 2167 442 2238 τοῦτο
461 2159 498 2239 δὲ
516 2157 616 2257 ἦντὸ
634 2159 855 2262 ἀνθρώπειον
872 2159 1049 2258 σκῆνος,ῦ
1068 2161 1168 2260 δίκην
1185 2163 1300 2259 οἰμνοῦ

197 2287 255 2363 καί
278 2285 463 2386 προβάτου
488 2287 527 2364 ἐκ
547 2289 611 2384 τῆς
628 2284 796 2388 ἡμετέρας
814 2285 948 2387 άγίλης
963 2283 1021 2365 οἰά
1044 2320 1097 2370 τις
1119 2285 1321 2391 α’ρχιερεῦςς

195 2410 390 2506 ἀναλαβὼν
415 2415 474 2489 καὶ
499 2408 565 2509 τὴν
592 2409 759 2514 ἀπαρχὴν
781 2421 845 2491 τοῦ
867 2418 939 2491 τῶν
962 2411 1160 2514 ἀνθρώπιον
1177 2411 1301 2512 γε’νους

194 2535 524 2637 καλλιερησάμενος
551 2537 807 2639 προσηγάγετο
829 2544 880 2645 τῷ
901 2542 1021 2639 πατρὶ,
1039 2540 1082 2617 δι’
1103 2539 1146 2618 οὗ
1169 2542 1228 2617 καί
1252 2545 1299 2642 τῇ

194 2668 265 2741 τῶν
296 2660 495 2763 ἀνθρώπων
527 2663 689 2763 ὡμίλησε
722 2660 843 2766 φύσει,
873 2663 936 2742 οῦκ
969 2662 1093 2745 ἄλλως
1125 2663 1300 2768 δυναμένη

611 2851 635 2882 ¹¹¹
651 2837 747 2910 αὐτῶν]
763 2840 841 2893 αῦτδν
855 2837 886 2894 P.

195 2985 394 3060 videamusque
413 2985 566 3060 diligenter
584 3003 646 3060 quoe
666 3004 762 3041 rursus
780 3004 814 3042 ea
827 2985 921 3042 forent
940 3005 1002 3059 quoe
1023 2986 1061 3043 illi
1084 2987 1119 3044 ab
1138 2987 1219 3043 initio
1238 2995 1298 3044 eto

194 3065 366 3139 propheticis
389 3083 478 3138 nsque
503 3064 678 3139 temporibus
700 3075 837 3122 eventura
860 3075 1039 3131 canerentur,
1062 3085 1095 3123 ec
1119 3067 1241 3141 primum
1262 3086 1297 3124 es

194 3154 327 3220 putamus
347 3163 410 3203 esse
426 3145 574 3202 tractando
593 3165 656 3220 quoe
676 3144 712 3201 ad
733 3145 796 3201 illos
816 3145 970 3218 pertinent,
990 3147 1038 3221 qui
1059 3146 1099 3203 illi
1121 3155 1243 3204 mortem
1263 3166 1297 3207 oe

195 3224 300 3280 caedem
315 3225 467 3281 machinati
482 3233 558 3289 sunt,
572 3244 633 3299 qum
648 3243 716 3280 sune
730 3243 788 3280 non
803 3241 919 3300 parvom
933 3244 1027 3281 rerum
1042 3225 1097 3282 hoc
1111 3227 1176 3283 loco
1190 3245 1294 3300 propo·

194 3304 383 3360 sitorum-sibi
397 3305 550 3361 vendicant
569 3313 688 3378 partem.
731 3301 789 3360 Sed
812 3312 962 3378 antequam
981 3304 1015 3360 od
1037 3305 1066 3360 id
1087 3305 1240 3368 veniamus,
1262 3325 1296 3364 eo

194 3383 276 3440 nobis
290 3383 409 3440 firmiter
426 3385 549 3442 tenende
562 3392 638 3448 suot,
654 3402 716 3456 qum
729 3382 883 3456 plerunque
898 3383 1021 3439 diximus
1036 3384 1071 3440 de
1086 3383 1296 3458 dispensatione

195 3482 257 3536 quae
278 3482 378 3520 omnes
401 3464 476 3520 illius
499 3463 622 3520 rationes
646 3461 795 3537 complexa
815 3470 869 3525 est,
896 3463 925 3518 in
948 3481 1003 3536 qua
1030 3462 1099 3519 illud
1124 3463 1295 3520 considerari

194 3543 277 3607 solet,
292 3544 368 3616 quod
389 3543 443 3599 eliu
464 3551 529 3599 suut
550 3562 612 3616 quse
637 3543 673 3599 ad
688 3543 814 3616 ejusdem
835 3541 1020 3606 divinitatem,
1034 3542 1088 3599 ulio
1108 3561 1171 3616 quae
1191 3541 1229 3599 nd
1249 3560 1293 3598 as-

195 3631 335 3696 sumptum
357 3623 562 3678 humanitatem
583 3623 734 3697 pertinent.
776 3621 854 3677 Alias
873 3621 949 3677 enim
964 3621 1058 3678 induci
1072 3621 1145 3679 solet
1159 3630 1293 3694 tanquam

195 3709 224 3758 et
239 3701 294 3758 Dei
311 3701 446 3766 Verbum,
461 3714 490 3759 et
508 3702 561 3758 Dei
575 3703 674 3765 virtus,
689 3709 718 3758 et
735 3700 790 3757 Dei
810 3700 956 3774 supientia,
975 3701 1045 3757 item
1067 3700 1163 3774 magni
1184 3700 1294 3756 consilii

195 3781 323 3855 angelus,
340 3801 516 3857 magnusque
534 3791 564 3840 et
582 3789 704 3838 aeternus
725 3779 864 3854 pontifex,
884 3780 931 3854 qui
953 3788 985 3836 ut
1004 3780 1100 3837 omnia
1120 3797 1294 3853 quaeounqne

195 3861 292 3936 genitu
312 3872 379 3918 sunt
393 3872 422 3918 et
436 3862 492 3919 sint
506 3862 534 3917 id
551 3860 627 3934 qood
646 3867 722 3924 sunt,
736 3869 765 3916 et
783 3859 813 3915 in
834 3879 869 3917 eo
890 3868 1101 3924 conserventur,
1122 3860 1189 3915 dum
1211 3877 1294 3916 sacro

195 3959 312 3999 munere
336 3941 474 4016 fungitur,
499 3949 608 4014 putrem
636 3958 718 3995 suum
746 3948 861 3996 exorat:
891 3939 959 3996 alins
987 3947 1080 3996 eutem
1104 3947 1238 4012 tunquam
1260 3946 1295 3996 et

195 4039 286 4094 eguus
301 4021 355 4078 Dei
370 4022 417 4095 qui
431 4021 512 4078 tollat
525 4027 641 4094 peccota
655 4018 763 4082 mundi,
779 4027 808 4074 et
822 4019 883 4075 ovis
898 4039 959 4092 quae
981 4019 1018 4074 ad
1036 4018 1142 4075 oaedem
1155 4019 1292 4077 dueatur:

194 4099 250 4156 hoo
264 4111 359 4158 autem
378 4101 431 4158 fuit
450 4102 541 4174 ipsum
558 4100 714 4155 homonum
728 4115 840 4170 corpus,
856 4099 933 4170 quod
953 4099 1000 4155 ille
1020 4098 1110 4154 instar
1129 4099 1196 4172 ogni
1210 4107 1295 4172 atque

196 4181 257 4236 ovis
277 4199 365 4255 quum
384 4181 420 4236 de
442 4187 541 4236 nostro
563 4197 652 4254 grege
674 4177 761 4234 veluti
785 4175 913 4250 pontifex
935 4178 1143 4252 assumpsisset,
1166 4177 1296 4252 primitiis

196 4260 311 4317 humani
333 4262 446 4334 generis
465 4260 556 4316 fauste
577 4258 751 4330 feliciterque
769 4264 912 4332 operatus,
927 4257 1001 4329 petri
1014 4276 1117 4314 munus
1128 4257 1232 4322 attulit,
1247 4275 1297 4330 per
