3120 4716
55 266 193 347 -46u
261 233 265 242 “
456 271 683 337 nuuousr.
710 272 880 338 nvanu.
904 276 950 338 x.
969 295 995 338 1.
1244 278 1309 344 aaa

205 429 377 532 ἀοράτους
395 431 558 531 δυνάμεις
576 431 642 530 τὴν
665 431 970 536 ὡτερβθλλουσαν
995 430 1101 536 ἰσχὺν
1119 435 1228 514 αὐτοῦ
1246 439 1310 533 τῆς

205 555 301 638 θείας
318 557 564 660 προσηγορῖᾰς
581 559 641 636 καὶ
657 565 722 637 τοῦ
740 555 923 656 ὀνόματος,
942 562 984 639 δι’
1000 560 1042 638 οὗ
1059 557 1186 663 μικρὸν
1205 562 1311 640 ὕστε·

203 711 269 780 ρον
306 685 538 782 Χριστιανῶν
575 681 642 781 τὴν
678 690 804 763 πᾶσαν
834 684 1062 784 κατέπλησεν
1094 685 1309 786 οἰκουμένην,

204 804 355 898 σβέσειν
373 807 485 907 αι’ττὴν
503 807 656 888 ὀἴεσθαι
676 809 919 914 ὑπειληφέναι,
933 816 962 888 εί
981 808 1028 888 τὰ
1045 810 1136 912 πρὸς
1155 809 1332 890 θάνατονε

99 989 102 996 -
165 931 497 1025 ιιε’πιβουλεύσαιεν
530 935 636 1040 αὐτῷ.
696 939 816 1013 Τοῦτο
849 933 892 1032 δὴ
923 935 986 1014 οὖν
1020 933 1106 1015 αὐτὸ
1137 933 1310 1039 διελέγχει

206 1053 373 1162 φάσκων,
393 1069 420 1138 οἱ
447 1057 556 1166 ἐχθροί
576 1096 641 1163 μου
662 1058 761 1140 εἶπαν
782 1061 881 1139 ιιαιιοί
898 1097 968 1162 μοι,
988 1063 1071 1141 πίτε
1095 1059 1310 1140 ἀποθανεῖται

207 1188 268 1262 καὶ
288 1189 471 1265 ἀπολεῖται
490 1186 527 1264 ri
547 1187 650 1290 ίνομιι
664 1188 784 1280 αὐτοῦς
806 1188 908 1264 Ἐπεὶ
922 1182 960 1263 δὲ
975 1183 1311 1285 καθυποκρινόμενοι

204 1306 420 1413 προσῄεσαν
447 1310 669 1413 πειράζοντες
696 1309 793 1393 ὅπως
821 1307 928 1388 αὑτὸν
954 1309 1234 1411 παγιδεύσωσιν,
1262 1312 1309 1390 ὡς
1322 1345 1351 1380 10

204 1433 227 1530 ἡ
257 1434 335 1512 θεία
362 1433 487 1541 γραφὴ
512 1443 690 1537 μαρτυρεῖ,
719 1437 853 1513 ἄλλοτε
881 1433 1030 1518 Ιιι’ίλλως
1057 1433 1185 1517 αὐτοὺς
1214 1467 1306 1536 προ·

205 1559 337 1666 φᾶιτεις
360 1566 419 1640 καὶ
444 1564 657 1667 κατηγορίας
678 1567 753 1642 κατ’
774 1565 883 1642 αὐτοῦ
901 1561 1184 1664 συσκευάζεσθαι
1204 1567 1339 1640 toro-b

204 1691 333 1785 porion,
360 1685 497 1766 τούτων
530 1688 630 1767 ἕνεκα
663 1689 827 1788 ἐπιλέγει,
859 1700 918 1768 καὶ
951 1697 977 1767 εί
1010 1689 1225 1794 εἰσεπορεύετο
1255 1691 1311 1766 τοῦ

208 1805 294 1899 ἰδεῖν,
323 1811 433 1914 μοίτην
463 1813 582 1893 ι’λιίλει
611 1818 629 1907 ᾗ
660 1809 785 1920 καρδία
816 1817 926 1904 αὑτοῦ,
956 1815 1142 1915 συνίγαγεν
1171 1817 1311 1917 ιἰνομίαν

208 1937 325 2042 ἱαυτῷ,
347 1937 547 2044 ἐξεπορεύετο
566 1938 628 2045 ἔξω
658 1947 717 2019 καὶ
743 1939 862 2018 ε’λιίλει
881 1941 938 2019 tut
956 1939 992 2018 rb
1017 1940 1096 2019 uiri
1125 1946 1200 2018 κατ’
1220 1941 1333 2042 ἔμαθε

167 2062 318 2167 ιεἘξῆς
338 2061 375 2142 δὲ
393 2062 529 2147 τούτοις
547 2064 616 2163 ἤδη
636 2069 768 2168 σαφῶς
784 2065 945 2170 ἐμφαίνει
970 2066 1028 2142 καὶ
1052 2062 1160 2142 αι’πὸν
1181 2067 1311 2143 ἐκεῖνον

207 2186 272 2267 τὸν
298 2189 594 2282 δυσσεβέστατον
620 2189 811 2291 προδότην,
839 2188 958 2286 ἐπειδὴ
988 2187 1197 2282 συνέβαινεν
1228 2190 1308 2285 μεθ’

206 2307 249 2395 ἃς
273 2315 443 2411 πεποίητο
466 2311 649 2411 συνθήκας
672 2321 746 2397 τοῖς
772 2316 926 2417 ἄρχουσι
943 2320 1016 2393 τῶν
1032 2314 1212 2393 Ἰουδαίων
1230 2315 1311 2415 περὶ

207 2441 272 2535 τῆς
298 2445 363 2515 τοῦ
390 2436 610 2517 διδασκάλου
638 2441 836 2540 προδοσίας
866 2439 985 2539 μηκέτ’
1010 2442 1173 2519 ἀπαντᾶν
1202 2437 1358 2518 aurbum·

207 2561 373 2660 συνήθως
400 2565 457 2641 ἐπὶ
486 2560 553 2659 τὴν
581 2569 654 2640 τῶν
684 2564 788 2642 θείων
816 2562 1037 2662 μαθημάτων
1061 2564 1335 2658 διδασκαλίαν,ς

206 2686 257 2786 μὴ
288 2689 318 2766 δ
340 2691 387 2770 ὡς
412 2685 511 2788 παρὰ
532 2685 766 2767 ιδιδάετκιιιλον
792 2695 931 2794 φοιτᾶν,
950 2687 1001 2786 μὴ
1029 2690 1058 2766 δ
1082 2688 1212 2785 ὁμοίως
1236 2693 1310 2769 τοῖς

249 2858 355 2934 Ῐοῖμοι]
371 2861 472 2918 α’ίεσθοι
487 2864 519 2918 Ρ.
632 2859 759 2938 tonas]
777 2863 866 2920 ἄλλος
880 2864 912 2918 P.
1024 2858 1218 2934 Ιδιδιίυιιολου]
1236 2862 1309 2916 διδά-

208 2945 300 3017 οιολφ
314 2944 346 2998 Ρ.
361 2962 387 2997 v.
404 2961 432 3014 p.
445 2943 506 3015 469
516 2945 540 2998 Δ
550 2941 579 2998 8.

210 3077 300 3134 multo
314 3085 380 3150 post
388 3085 483 3134 totum
496 3078 593 3136 orbem
608 3087 747 3136 terrarum
762 3078 931 3136 Christianis
942 3077 1079 3151 implevit,
1088 3077 1166 3134 illam
1180 3096 1211 3134 se
1225 3095 1309 3152 posse

209 3157 376 3231 extinguere
397 3167 577 3232 putaverunt,
599 3159 622 3216 si
643 3168 765 3215 mortem
787 3159 827 3214 illi
851 3158 1088 3215 machinarentur.
1132 3157 1196 3214 Hoc
1217 3156 1309 3230 ipsum

208 3235 297 3311 igitur
318 3237 363 3293 his
383 3237 477 3294 verbis
497 3238 650 3312 redarguit,
665 3238 773 3294 Inimici
791 3241 844 3294 mei
861 3241 988 3295 dicernat
1008 3237 1082 3294 mula
1102 3237 1179 3300 nubi,
1202 3239 1309 3309 quaudo

208 3318 342 3374 morietur
351 3325 378 3372 et
389 3317 487 3390 peribit
501 3337 596 3374 nomeu
607 3317 691 3390 ηὐςθ
711 3317 853 3385 Quoniam
864 3326 958 3373 autem
974 3315 1111 3372 simulatis
1121 3316 1215 3371 verbis
1229 3333 1308 3371 acoe-

209 3395 315 3452 debant
339 3403 482 3453 tentantes
501 3406 533 3453 ut
553 3397 645 3471 ipsum
669 3405 803 3471 caperent
824 3395 853 3452 in
878 3413 1018 3458 sermone,
1041 3403 1073 3450 ut
1092 3395 1214 3468 legimus
1235 3393 1310 3466 apud

210 3475 333 3532 divinam
355 3473 538 3548 scripturam,'
547 3495 609 3550 quae
628 3477 691 3533 illos
707 3483 807 3533 contra
820 3475 899 3531 illum
913 3473 982 3530 alias
995 3472 1056 3530 aliis
1071 3481 1100 3530 et
1114 3473 1309 3529 occasionibus

210 3562 239 3611 et
253 3554 416 3611 criminibus
431 3563 544 3612 utentes
557 3556 674 3624 inducit,
688 3556 794 3612 idcirco
815 3555 884 3611 illud
905 3553 1045 3628 adjungit,
1060 3561 1087 3608 st
1106 3551 1310 3626 inprediebatur
1376 3564 1383 3578 ·

210 3641 242 3690 ut
254 3637 365 3698 uideret,
379 3653 451 3690 nunu
466 3635 627 3708 loquebatur
640 3653 687 3690 cor
699 3633 766 3706 ejus,
782 3637 956 3708 congregavit
976 3635 1144 3707 iniquitatem
1157 3633 1218 3694 sibi,
1232 3649 1310 3702 egre.

210 3713 424 3788 dicbutursoras
443 3721 470 3769 et
483 3714 641 3788 loquebatur
653 3715 683 3770 iu
698 3717 826 3788 idipsum
840 3722 935 3770 contra
949 3731 998 3768 υιε.
1042 3712 1129 3767 Hisce
1143 3728 1211 3766 vero
1224 3710 1310 3765 rebus

210 3793 357 3866 expositis,
384 3792 516 3868 deinceps
539 3793 630 3867 ipsum
655 3793 734 3850 illum
763 3793 992 3850 scelestissimum
1017 3791 1191 3866 proditorem
1216 3787 1310 3844 verbis

210 3871 334 3928 indicat:
358 3872 584 3946 quandoquidem
599 3873 668 3930 illud
682 3873 786 3940 evenit,
800 3883 832 3929 ut
845 3881 995 3946 postquam
1016 3870 1051 3926 de
1072 3868 1218 3943 prodendo
1239 3886 1310 3940 prae·

210 3961 326 4025 ceptore
350 3970 415 4008 cum
438 3951 610 4028 principibus
631 3953 795 4010 Judaeorum
820 3961 919 4026 pactus
941 3957 1017 4007 esset
1037 3967 1095 4004 non
1123 3948 1253 4023 amplius,
1277 3956 1310 4004 ut

211 4031 330 4096 solebat,
344 4031 382 4087 ad
396 4031 492 4087 divina
504 4041 646 4106 praecepta
662 4032 849 4106 perdiscenda
866 4029 1039 4094 conveniret,
1054 4046 1145 4101 neque
1158 4046 1226 4084 vero
1244 4037 1308 4084 tan·

210 4129 295 4184 quam
310 4110 346 4167 ed
358 4120 561 4185 preceptorem
576 4112 732 4175 accederet.
747 4119 797 4168 aut
811 4111 928 4166 aliorum
943 4127 1023 4166 mors
1038 4107 1221 4182 praeceptoris
1240 4126 1308 4163 con-

210 4191 360 4247 suetudine
373 4197 509 4254 uteretur,
524 4191 575 4248 sed
589 4199 701 4265 tempus
715 4191 854 4247 duntaxat
868 4189 1095 4263 circumspiceret
1113 4195 1197 4262 atque
1211 4186 1307 4243 obser·

210 4276 299 4334 varst,
322 4288 377 4343 quo
399 4270 503 4327 adoriri
524 4270 602 4328 illum
624 4279 730 4349 posset.
773 4269 895 4326 Pr0inde
921 4269 998 4324 illum
1019 4268 1073 4324 ista
1094 4267 1257 4323 molientem
1276 4283 1309 4320 ac

738 4383 821 4437 3r2
