3144 4720
266 257 332 318 848
716 251 901 317 EUSEBII
1350 271 1380 332 p.
1392 263 1508 327 427-
1562 309 1563 324 ,

264 421 310 518 τῇ
336 415 508 520 0ὑμετέρᾳ
525 414 697 518 βασιλείᾳ
720 412 868 516 όλεθρος
887 414 945 490 καὶ
969 411 1130 490 ἀπώλεια
1152 407 1371 514 παραλήψε-

228 561 335 619 wrm.
394 547 520 620 Ταῦτα
543 539 609 638 μὲν
627 541 649 634 ἡ
668 539 881 644 προφητεία·
909 534 1097 640 πρόδηλον
1119 535 1158 615 δὲ
1182 535 1278 618 ὅπως
1297 535 1370 614 ἀπὸ

264 673 338 744 τῶν
365 673 429 744 τοῦ
457 669 623 766 Σωτῆρος
651 664 782 762 1’ἡμῶν
810 659 949 766 χρόνων
976 661 1276 762 πολιορκηθείσης
1304 665 1369 758 τῆς

264 789 504 892 Ἰερουσαλὴμ
531 788 729 893 (Ικσθηρέθη
755 791 813 866 καὶ
842 793 890 870 είς
918 787 960 866 τὸ
987 784 1162 870 παντελὲς
1190 786 1368 890 ἀπερρίφη
1382 827 1413 861 ιο

265 917 288 1013 ῆ
310 915 415 1019 μέχρι
437 915 518 994 τότε
540 921 715 992 συστᾶσα
741 921 806 992 τοῦ
823 914 1005 992 Ἰουδαίων
1032 912 1153 995 ἔθνους
1178 912 1369 1008 αι’πονομία

229 1074 305 1120 ure
329 1045 387 1119 καὶ
411 1038 517 1144 ἀρχή.
578 1037 686 1136 Πλῆν
710 1037 809 1116 ἀλλά
831 1039 951 1139 τρίτον
969 1038 1036 1136 ἤδη
1054 1035 1101 1115 roi
1122 1041 1203 1139 περὶ
1218 1041 1284 1135 τῆς
1303 1043 1370 1115 Αί-

265 1165 405 1268 γίιπτου
431 1168 489 1245 καὶ
514 1169 578 1264 τῆς
599 1161 722 1244 αὐτόθι
744 1165 902 1269 ἀφίξεως
929 1163 1038 1241 αὐτοῦ
1063 1161 1368 1268 πεπροφήτευται..

266 1298 312 1371 Ei
340 1293 382 1371 δι’
407 1327 461 1376 τις
483 1289 574 1370 αὐτὰ
598 1294 770 1389 μηδαμῶς
791 1287 1003 1393 ἐφαρμόζειν
1029 1290 1087 1367 ἐπὶ
1111 1285 1175 1366 τόν
1201 1286 1410 1388 ῆμέτερσνις

266 1418 367 1519 λέγοι
386 1421 548 1519 Σωτῆρα,
567 1414 685 1494 ’ἀλλά
701 1448 744 1516 γε
762 1419 825 1513 τῆς
841 1423 905 1493 τοῦ
925 1415 1118 1492 Ματθαίου
1137 1411 1370 1514 παραθέσεως

266 1540 338 1622 ἀπὸ
356 1548 420 1641 τῆς
437 1541 536 1644 παρὰ
556 1547 690 1624 Μωσεῖ
704 1541 899 1641 μαρτυρίας
918 1539 1014 1645 αὐτῷ
1032 1537 1311 1640 παρειλημμένα,
1323 1535 1370 1635 ῆν

266 1673 324 1748 καὶ
351 1670 480 1770 ἀρτίως
505 1665 765 1764 διεληλύθαμεν
789 1664 832 1744 τὸ
860 1666 880 1743 ὁ
909 1665 995 1750 Θάς
1021 1660 1185 1765 ἀθῆγησεν
1208 1663 1304 1743 airis
1334 1663 1409 1770 ἑξρ.
1420 1673 1484 1751 428

266 1791 442 1894 Αίγόπτιυ
464 1791 697 1891 διηγούμενοι,
715 1793 789 1869 ε’πεὶ
814 1786 865 1889 μῆ
889 1791 918 1868 δ’
939 1787 1082 1872 αὐτόςὸ
1109 1786 1370 1890 εὖαγγελιστῆς

265 1915 338 1996 ἀπὸ
355 1923 419 2016 τῆς
437 1925 501 1996 τοῦ
512 1914 627 2015 Ὠσηὲ
643 1915 861 2020 προφητείας
880 1918 1050 2019 εἰλῆφθαι
1068 1915 1164 2018 αὐτῷ
1182 1913 1224 1992 τὸ
1243 1911 1370 2014 λόγιον

265 2043 412 2148 ἔφησεν,
440 2045 488 2126 ὡς
515 2041 691 2122 δύνασθαι
723 2042 781 2120 καὶ
806 2038 918 2120 πόθεν
946 2037 1226 2141 ἐπιζητήσαντας
1256 2041 1391 2141 εὑρεῖνι

266 2168 352 2247 αὐτὸ
376 2169 543 2266 κείμενον,
562 2167 643 2246 ὅθεν
661 2163 752 2248 εἰκὸς
769 2165 832 2244 τὸν
858 2162 1121 2265 εὐαγγελιστῆν
1148 2168 1368 2263 πεποιῆσθαι

267 2293 376 2370 αὐτοῦ
393 2291 458 2390 τὴν
476 2290 627 2370 ἔκθεσιν.

661 2438 727 2522 riuti
754 2449 814 2512 roi
840 2437 974 2511 rinuior.¹

207 2561 228 2641 5
317 2556 410 2639 Φωνῆ
433 2559 579 2644 βοῶντος
601 2556 633 2625 ε’ν
649 2561 692 2648 τῆ
710 2557 827 2651 ε’ρῆμιρ,
845 2553 1049 2637 ἑτοιμάσατε
1064 2554 1124 2636 τῆν
1140 2551 1216 2624 ὁδόν
1234 2552 1398 2649 Κυρίου,1>

105 2650 169 2721 Περὶ
178 2652 226 2704 τοῦ

105 2730 168 2784 Μὰ
181 2732 229 2798 τὴν
268 2673 385 2748 εὐθείας
405 2682 530 2743 ποιεῖτε
551 2667 612 2747 τὰς
632 2671 769 2766 τρίβους
786 2671 894 2742 mironi.
948 2669 1055 2739 Πᾶσα
1074 2667 1220 2766 φάραγξ
1236 2677 1369 2764 πληρω-

308 2805 446 2877 θὴμιτόρα
461 2806 490 2860 S.
600 2803 745 2874 ruptus.
859 2803 1013 2874 (ικστηρέθη
1029 2803 1058 2858 S.
1167 2802 1364 2875 ῐάλλάτόγς]

266 2886 336 2940 ἀλλά
349 2909 380 2958 γι
395 2887 425 2940 Ρ.
468 2885 613 2957 Sequentia
625 2884 715 2938 neseio
729 2901 764 2938 ιιι
777 2891 902 2956 corrupte
915 2884 978 2938 siut.

267 2989 497 3064 comprehendet.
541 2989 613 3045 Haen
627 2987 742 3062 quidem
755 2987 817 3062 ipss
829 2986 996 3062 prophetias
1019 2993 1132 3043 constat
1153 2993 1248 3042 eutem
1269 3003 1368 3059 quem-

267 3068 420 3126 admodum
442 3077 509 3143 post
526 3065 682 3125 Salvatoris
702 3069 793 3125 nostri
812 3078 950 3142 tempore,
969 3084 1054 3140 quum
1077 3066 1194 3122 obsessa
1214 3065 1314 3122 fuisset
1334 3084 1368 3122 ας

268 3157 379 3206 vastato
393 3147 582 3214 Hierusalem,
598 3148 725 3206 sublatus
738 3157 783 3206 est
796 3156 826 3204 et
843 3147 879 3204 ed
898 3155 1055 3204 extremum
1068 3145 1222 3219 perniciem
1236 3145 1368 3219 rejectus,

268 3227 315 3302 qui
331 3247 418 3302 usque
433 3229 468 3285 sd
483 3227 552 3284 illud
562 3235 675 3305 tempus
689 3237 816 3292 steterat,
826 3226 847 3285 J
849 3227 955 3284 udsicsr
966 3226 1061 3302 gentis
1071 3225 1168 3300 legum
1178 3243 1247 3281 usus
1261 3227 1369 3282 omnis.

267 3328 322 3383 que
339 3308 523 3384 principatus.
563 3308 757 3366 Veruntamen
776 3307 836 3382 jam
856 3308 950 3372 tertio,
966 3325 1028 3380 quae
1049 3305 1085 3362 ad
1098 3305 1259 3380 AEgyptum
1280 3306 1367 3380 perti·

266 3399 345 3456 nent,
364 3407 482 3463 quaeque
503 3388 539 3445 sd
560 3387 614 3445 iter
635 3388 711 3462 quod
731 3388 760 3444 in
782 3387 860 3444 illum
881 3395 925 3444 est
944 3387 1058 3451 fuctum,
1078 3385 1213 3442 divinitus
1232 3385 1370 3458 praedicta

267 3479 341 3526 sunt.
365 3469 449 3538 Quod
464 3468 488 3525 si
503 3469 565 3543 quis
581 3468 659 3524 nullo
670 3467 756 3524 modo
765 3467 888 3526 fatentur
898 3485 932 3524 ee
945 3473 1043 3522 nostro
1055 3463 1196 3522 Salvatori
1206 3465 1368 3528 convenire,

267 3559 297 3606 et
319 3549 420 3606 saltem
445 3568 530 3622 quum
556 3567 590 3604 es
613 3547 770 3604 Metthoeus
795 3547 956 3622 apposuerit
981 3546 1016 3602 de
1039 3544 1204 3602 testimonio
1225 3544 1304 3619 quod
1324 3553 1370 3601 est

267 3630 342 3704 apud
356 3629 470 3686 Mosem
485 3630 521 3686 ab
535 3628 585 3684 illo
598 3636 724 3702 accepts,
739 3645 776 3684 ne
790 3636 886 3702 neget,
902 3627 978 3701 quod
995 3623 1080 3700 psulo
1094 3632 1160 3681 unte
1174 3623 1368 3692 tractavimus,

268 3709 334 3766 dum
349 3709 427 3773 illud,
441 3709 518 3765 Deus
532 3710 611 3765 duxit
624 3709 704 3764 ι’θυοι
717 3725 749 3762 es
762 3707 895 3782 AEgypto‚
910 3723 1114 3769 enarraremus,
1130 3703 1244 3778 quando
1257 3723 1294 3760 ne
1307 3703 1369 3777 ipse

267 3789 381 3864 quidem
395 3789 572 3862 evangelista
589 3805 621 3844 se
639 3787 676 3844 sb
690 3786 777 3861 ipsius
791 3786 875 3844 Oseae
896 3785 1046 3862 prophetis
1067 3785 1212 3841 oraculum
1226 3783 1369 3856 occepisse

267 3869 411 3933 indicavit,
431 3879 463 3926 ut
484 3867 670 3941 undecunque
691 3874 849 3941 quaerentes
863 3867 974 3942 possint
986 3864 1057 3922 illud
1070 3865 1229 3937 ubicunque
1243 3863 1370 3938 positum

268 3949 305 4004 sit
327 3949 471 4006 invenire:
505 3948 544 4005 ibi
566 3947 697 4005 videlicet
716 3946 791 4004 uude
814 3966 867 4023 pm·
887 3955 931 4004 est
953 3944 1156 4020 evangelistam
1178 3944 1249 4002 illud
1269 3951 1368 4021 protu-

268 4028 342 4084 iisse.

744 4126 783 4164 sn
798 4125 898 4164 ussus.

209 4201 229 4276 5
314 4202 371 4255 Vos
392 4201 537 4256 clamantis
557 4206 585 4257 in
606 4205 730 4259 deserto:
750 4207 939 4276 paretonium
956 4203 1091 4259 Domini:
1114 4208 1202 4258 rectus
1214 4200 1307 4275 facite
1326 4219 1368 4257 se·

10 4325 12 4334 ,
127 4291 231 4370 ἐζηῶἱὴ
268 4281 351 4335 mitur
365 4281 430 4345 ejus.
476 4279 570 4334 Omnis
588 4283 668 4336 valiis
688 4283 850 4354 implebitur,
866 4290 892 4338 et
911 4285 996 4340 omnis
1014 4299 1091 4340 mons
1108 4279 1227 4338 etoollis
1241 4281 1367 4338 humilio·
