<?xml version="1.0" encoding="UTF-8"?>
<!DOCTYPE html PUBLIC "-//W3C//DTD XHTML 1.0 Transitional//EN"
    "http://www.w3.org/TR/xhtml1/DTD/xhtml1-transitional.dtd">
<html xmlns="http://www.w3.org/1999/xhtml" xml:lang="en" lang="en">
 <head>
  <title>
</title>
<meta http-equiv="Content-Type" content="text/html;charset=utf-8" />
  <meta name='ocr-system' content='tesseract 3.04.00' />
  <meta name='ocr-capabilities' content='ocr_page ocr_carea ocr_par ocr_line ocrx_word'/>
</head>
<body>
  <div class='ocr_page' id='page_1' title='image "./evangelicaedemo00donagoog/evangelicaedemo00donagoog_0215.png"; bbox 0 0 3130 4722; ppageno 0'>
   <div class='ocr_carea' id='block_1_1' title="bbox 132 185 1510 308">
    <p class='ocr_par' dir='ltr' id='par_1_1' title="bbox 132 135 1556 332">
     <span class='ocr_line' id='line_1_1' title="bbox 132 185 1510 308; baseline -0.006 -15"><span class='ocrx_word' id='word_1_1' title='bbox 132 195 135 202; x_wconf 77' lang='grc'><strong>’</strong></span> <span class='ocrx_word' id='word_1_2' title='bbox 240 185 305 292; x_wconf 77' lang='grc' dir='ltr'>τις</span> <span class='ocrx_word' id='word_1_3' title='bbox 686 224 873 290; x_wconf 82' lang='lat' dir='ltr'>nnsnnn</span> <span class='ocrx_word' id='word_1_4' title='bbox 1321 225 1510 308; x_wconf 77' lang='lat' dir='ltr'>p.3⁶5-</span> 
     </span>
    </p>
   </div>
   <div class='ocr_carea' id='block_1_2' title="bbox 208 386 1395 1120">
    <p class='ocr_par' dir='ltr' id='par_1_2' title="bbox 208 386 1556 1120">
     <span class='ocr_line' id='line_1_2' title="bbox 240 386 1369 494; baseline 0.001 -24"><span class='ocrx_word' id='word_1_5' title='bbox 240 390 394 494; x_wconf 82' lang='grc' dir='ltr'>θρῶπων</span> <span class='ocrx_word' id='word_1_6' title='bbox 406 390 473 490; x_wconf 82' lang='grc' dir='ltr'>τὴν</span> <span class='ocrx_word' id='word_1_7' title='bbox 489 400 554 471; x_wconf 84' lang='grc' dir='ltr'>τοῦ</span> <span class='ocrx_word' id='word_1_8' title='bbox 571 388 709 492; x_wconf 81' lang='grc' dir='ltr'>πατρὸς</span> <span class='ocrx_word' id='word_1_9' title='bbox 726 389 1003 493; x_wconf 82' lang='grc' dir='ltr'>φιλανθρωπίαν</span> <span class='ocrx_word' id='word_1_10' title='bbox 1020 386 1369 489; x_wconf 78' lang='grc' dir='ltr'>εὖαγγελιζάρενος,ς</span> 
     </span>
     <span class='ocr_line' id='line_1_3' title="bbox 241 513 1345 621; baseline -0.002 -25"><span class='ocrx_word' id='word_1_11' title='bbox 241 520 299 597; x_wconf 84' lang='grc' dir='ltr'>ἐπὶ</span> <span class='ocrx_word' id='word_1_12' title='bbox 325 520 411 616; x_wconf 90' lang='grc' dir='ltr'>μίαν</span> <span class='ocrx_word' id='word_1_13' title='bbox 438 551 477 596; x_wconf 90' lang='grc' dir='ltr'>τε</span> <span class='ocrx_word' id='word_1_14' title='bbox 501 513 584 599; x_wconf 77' lang='grc' dir='ltr'>τοὺς</span> <span class='ocrx_word' id='word_1_15' title='bbox 608 514 745 598; x_wconf 81' lang='grc' dir='ltr'>πάντας</span> <span class='ocrx_word' id='word_1_16' title='bbox 769 522 966 616; x_wconf 84' lang='grc' dir='ltr'>παρορμῶν</span> <span class='ocrx_word' id='word_1_17' title='bbox 991 518 1029 594; x_wconf 84' lang='grc' dir='ltr'>ἐν</span> <span class='ocrx_word' id='word_1_18' title='bbox 1048 519 1131 621; x_wconf 80' lang='grc' dir='ltr'>Θεῷ</span> <span class='ocrx_word' id='word_1_19' title='bbox 1151 517 1345 617; x_wconf 73' lang='grc' dir='ltr'>σωτηράιν,</span> 
     </span>
     <span class='ocr_line' id='line_1_4' title="bbox 242 640 1341 746; baseline -0.002 -24"><span class='ocrx_word' id='word_1_20' title='bbox 242 640 412 743; x_wconf 76' lang='grc' dir='ltr'>ἀλήθειάν</span> <span class='ocrx_word' id='word_1_21' title='bbox 437 677 475 722; x_wconf 88' lang='grc' dir='ltr'>τε</span> <span class='ocrx_word' id='word_1_22' title='bbox 503 640 697 740; x_wconf 77' lang='grc' dir='ltr'>αὐτὴνκαὶ</span> <span class='ocrx_word' id='word_1_23' title='bbox 725 647 804 746; x_wconf 84' lang='grc' dir='ltr'>φ’ὣς</span> <span class='ocrx_word' id='word_1_24' title='bbox 829 643 986 740; x_wconf 78' lang='grc' dir='ltr'>ἀληθοῦς</span> <span class='ocrx_word' id='word_1_25' title='bbox 1014 641 1208 736; x_wconf 80' lang='grc' dir='ltr'>εὐσεβείας,</span> <span class='ocrx_word' id='word_1_26' title='bbox 1229 649 1341 736; x_wconf 80' lang='grc' dir='ltr'>βασι-</span> 
     </span>
     <span class='ocr_line' id='line_1_5' title="bbox 243 766 1347 869; baseline 0.003 -21"><span class='ocrx_word' id='word_1_27' title='bbox 243 770 343 848; x_wconf 87' lang='grc' dir='ltr'>λείαν</span> <span class='ocrx_word' id='word_1_28' title='bbox 378 803 417 848; x_wconf 86' lang='grc' dir='ltr'>τε</span> <span class='ocrx_word' id='word_1_29' title='bbox 449 770 618 869; x_wconf 80' lang='grc' dir='ltr'>οὐρανῶν,</span> <span class='ocrx_word' id='word_1_30' title='bbox 646 769 705 846; x_wconf 85' lang='grc' dir='ltr'>καὶ</span> <span class='ocrx_word' id='word_1_31' title='bbox 734 766 876 846; x_wconf 76' lang='grc' dir='ltr'>αἰωνίου</span> <span class='ocrx_word' id='word_1_32' title='bbox 908 766 998 868; x_wconf 77' lang='grc' dir='ltr'>ζωῆς</span> <span class='ocrx_word' id='word_1_33' title='bbox 1024 768 1243 868; x_wconf 79' lang='grc' dir='ltr'>ἐπαγγελίαν</span> <span class='ocrx_word' id='word_1_34' title='bbox 1271 775 1347 851; x_wconf 81' lang='grc' dir='ltr'>τοῖς</span> 
     </span>
     <span class='ocr_line' id='line_1_6' title="bbox 243 893 622 996; baseline -0.016 -20"><span class='ocrx_word' id='word_1_35' title='bbox 243 903 338 976; x_wconf 83' lang='grc' dir='ltr'>πᾶσι</span> <span class='ocrx_word' id='word_1_36' title='bbox 357 893 622 996; x_wconf 80' lang='grc' dir='ltr'>προμνώμενος.</span> 
     </span>
     <span class='ocr_line' id='line_1_7' title="bbox 208 1015 1395 1120; baseline -0.005 -21"><span class='ocrx_word' id='word_1_37' title='bbox 208 1047 236 1082; x_wconf 84' lang='lat'>¹²</span> <span class='ocrx_word' id='word_1_38' title='bbox 300 1027 426 1100; x_wconf 81' lang='grc' dir='ltr'>Ταῦτα</span> <span class='ocrx_word' id='word_1_39' title='bbox 457 1018 522 1118; x_wconf 69' lang='grc' dir='ltr'>μὲν</span> <span class='ocrx_word' id='word_1_40' title='bbox 556 1019 618 1096; x_wconf 83' lang='grc' dir='ltr'>οὖν</span> <span class='ocrx_word' id='word_1_41' title='bbox 649 1019 729 1119; x_wconf 80' lang='grc' dir='ltr'>περὶ</span> <span class='ocrx_word' id='word_1_42' title='bbox 760 1022 834 1098; x_wconf 82' lang='grc' dir='ltr'>τῶν</span> <span class='ocrx_word' id='word_1_43' title='bbox 864 1015 1004 1120; x_wconf 83' lang='grc' dir='ltr'>χρόνων</span> <span class='ocrx_word' id='word_1_44' title='bbox 1033 1016 1200 1119; x_wconf 78' lang='grc' dir='ltr'>εἰρήσθω,</span> <span class='ocrx_word' id='word_1_45' title='bbox 1230 1019 1271 1097; x_wconf 82' lang='grc' dir='ltr'>δι’</span> <span class='ocrx_word' id='word_1_46' title='bbox 1299 1015 1346 1116; x_wconf 80' lang='grc' dir='ltr'>ἢν</span> <span class='ocrx_word' id='word_1_47' title='bbox 1357 1060 1395 1094; x_wconf 83' lang='grc' dir='ltr'>ιο</span> 
     </span>
    </p>
   </div>
   <div class='ocr_carea' id='block_1_3' title="bbox 149 1266 1556 1566">
    <p class='ocr_par' dir='ltr' id='par_1_3' title="bbox 149 1061 1556 1566">
     <span class='ocr_line' id='line_1_8' title="bbox 247 1266 1374 1373; baseline -0.005 -23"><span class='ocrx_word' id='word_1_48' title='bbox 247 1275 294 1353; x_wconf 83' lang='grc' dir='ltr'>εἰς</span> <span class='ocrx_word' id='word_1_49' title='bbox 327 1269 465 1351; x_wconf 85' lang='grc' dir='ltr'>πάντας</span> <span class='ocrx_word' id='word_1_50' title='bbox 492 1268 698 1373; x_wconf 69' lang='grc' dir='ltr'>ἐξέλαμψεν</span> <span class='ocrx_word' id='word_1_51' title='bbox 730 1267 952 1368; x_wconf 80' lang='grc' dir='ltr'>ἀνθρώπους.</span> <span class='ocrx_word' id='word_1_52' title='bbox 1012 1266 1102 1370; x_wconf 81' lang='grc' dir='ltr'>Φέρε</span> <span class='ocrx_word' id='word_1_53' title='bbox 1131 1268 1169 1348; x_wconf 77' lang='grc' dir='ltr'>δὲ</span> <span class='ocrx_word' id='word_1_54' title='bbox 1197 1271 1374 1346; x_wconf 84' lang='grc' dir='ltr'>ἐπανελ-ο</span> 
     </span>
     <span class='ocr_line' id='line_1_9' title="bbox 149 1390 1350 1497; baseline -0.006 -21"><span class='ocrx_word' id='word_1_55' title='bbox 149 1483 154 1492; x_wconf 31' lang='lat'><strong>⁴</strong></span> <span class='ocrx_word' id='word_1_56' title='bbox 247 1393 368 1478; x_wconf 87' lang='grc' dir='ltr'>θόντες</span> <span class='ocrx_word' id='word_1_57' title='bbox 387 1401 460 1474; x_wconf 82' lang='grc' dir='ltr'>τῶν</span> <span class='ocrx_word' id='word_1_58' title='bbox 483 1390 623 1497; x_wconf 84' lang='grc' dir='ltr'>χρόνων</span> <span class='ocrx_word' id='word_1_59' title='bbox 640 1396 704 1490; x_wconf 78' lang='grc' dir='ltr'>τῆς</span> <span class='ocrx_word' id='word_1_60' title='bbox 730 1392 887 1497; x_wconf 83' lang='grc' dir='ltr'>ἀφίξεως</span> <span class='ocrx_word' id='word_1_61' title='bbox 909 1393 1018 1472; x_wconf 76' lang='grc' dir='ltr'>αὑτοῦ</span> <span class='ocrx_word' id='word_1_62' title='bbox 1036 1390 1084 1470; x_wconf 75' lang='lat' dir='ltr'>rai</span> <span class='ocrx_word' id='word_1_63' title='bbox 1107 1400 1239 1490; x_wconf 86' lang='grc' dir='ltr'>σημεῖα</span> <span class='ocrx_word' id='word_1_64' title='bbox 1257 1392 1350 1471; x_wconf 77' lang='grc' dir='ltr'>κατὰ</span> 
     </span>
     <span class='ocr_line' id='line_1_10' title="bbox 1555 1533 1556 1566; baseline 0 0"><span class='ocrx_word' id='word_1_65' title='bbox 1555 1533 1556 1566; x_wconf 76' lang='lat' dir='ltr'>i</span> 
     </span>
    </p>
   </div>
   <div class='ocr_carea' id='block_1_4' title="bbox 212 1517 1393 3114">
    <p class='ocr_par' dir='ltr' id='par_1_4' title="bbox 247 1517 1350 1624">
     <span class='ocr_line' id='line_1_11' title="bbox 247 1517 1350 1624; baseline -0.008 -18"><span class='ocrx_word' id='word_1_66' title='bbox 247 1521 353 1624; x_wconf 67' lang='grc' dir='ltr'>μέρος</span> <span class='ocrx_word' id='word_1_67' title='bbox 381 1519 667 1624; x_wconf 77' lang='grc' dir='ltr'>ἐπισκεψώμεθα,</span> <span class='ocrx_word' id='word_1_68' title='bbox 695 1517 760 1602; x_wconf 74' lang='lat' dir='ltr'>riis</span> <span class='ocrx_word' id='word_1_69' title='bbox 787 1517 1019 1620; x_wconf 79' lang='grc' dir='ltr'>εὐαγγελικάς</span> <span class='ocrx_word' id='word_1_70' title='bbox 1043 1524 1124 1620; x_wconf 84' lang='grc' dir='ltr'>περὶ</span> <span class='ocrx_word' id='word_1_71' title='bbox 1156 1525 1219 1616; x_wconf 79' lang='grc' dir='ltr'>τῆς</span> <span class='ocrx_word' id='word_1_72' title='bbox 1252 1519 1350 1618; x_wconf 75' lang='grc' dir='ltr'>γενέ-</span> 
     </span>
    </p>

    <p class='ocr_par' dir='ltr' id='par_1_5' title="bbox 212 1643 1393 2377">
     <span class='ocr_line' id='line_1_12' title="bbox 212 1643 1373 1753; baseline 0.002 -29"><span class='ocrx_word' id='word_1_73' title='bbox 212 1677 342 1731; x_wconf 73' lang='grc' dir='ltr'>ιισεως</span> <span class='ocrx_word' id='word_1_74' title='bbox 365 1649 473 1728; x_wconf 84' lang='grc' dir='ltr'>αὐτοῦ</span> <span class='ocrx_word' id='word_1_75' title='bbox 499 1647 622 1753; x_wconf 80' lang='grc' dir='ltr'>φωνὰς</span> <span class='ocrx_word' id='word_1_76' title='bbox 641 1647 706 1724; x_wconf 57' lang='grc' dir='ltr'>ωέν</span> <span class='ocrx_word' id='word_1_77' title='bbox 724 1645 877 1747; x_wconf 82' lang='grc' dir='ltr'>πρώτοις</span> <span class='ocrx_word' id='word_1_78' title='bbox 895 1643 1251 1743; x_wconf 82' lang='grc' dir='ltr'>ἐπισημειωσάμενοι.</span> <span class='ocrx_word' id='word_1_79' title='bbox 1298 1647 1373 1726; x_wconf 79' lang='lat' dir='ltr'>‘Os</span> 
     </span>
     <span class='ocr_line' id='line_1_13' title="bbox 248 1769 1350 1876; baseline -0.002 -23"><span class='ocrx_word' id='word_1_80' title='bbox 248 1773 314 1873; x_wconf 76' lang='grc' dir='ltr'>μὲν</span> <span class='ocrx_word' id='word_1_81' title='bbox 331 1776 393 1853; x_wconf 79' lang='grc' dir='ltr'>οὖν</span> <span class='ocrx_word' id='word_1_82' title='bbox 412 1779 600 1857; x_wconf 84' lang='grc' dir='ltr'>Ματθαῖος</span> <span class='ocrx_word' id='word_1_83' title='bbox 616 1769 680 1852; x_wconf 79' lang='grc' dir='ltr'>τὸν</span> <span class='ocrx_word' id='word_1_84' title='bbox 698 1771 828 1876; x_wconf 84' lang='grc' dir='ltr'>χρόνον</span> <span class='ocrx_word' id='word_1_85' title='bbox 852 1777 915 1870; x_wconf 82' lang='grc' dir='ltr'>τῆς</span> <span class='ocrx_word' id='word_1_86' title='bbox 941 1769 1116 1872; x_wconf 81' lang='grc' dir='ltr'>ε’νσιὶρκου</span> <span class='ocrx_word' id='word_1_87' title='bbox 1141 1773 1250 1851; x_wconf 80' lang='grc' dir='ltr'>αὑτοῦ</span> <span class='ocrx_word' id='word_1_88' title='bbox 1274 1774 1350 1851; x_wconf 85' lang='grc' dir='ltr'>ε’πι-</span> 
     </span>
     <span class='ocr_line' id='line_1_14' title="bbox 251 1893 1348 2004; baseline 0.002 -26"><span class='ocrx_word' id='word_1_89' title='bbox 251 1901 396 2004; x_wconf 84' lang='grc' dir='ltr'>φανείας</span> <span class='ocrx_word' id='word_1_90' title='bbox 414 1897 485 1978; x_wconf 75' lang='grc' dir='ltr'>ὧδέ</span> <span class='ocrx_word' id='word_1_91' title='bbox 498 1932 575 1983; x_wconf 86' lang='grc' dir='ltr'>πως</span> <span class='ocrx_word' id='word_1_92' title='bbox 595 1903 738 2000; x_wconf 83' lang='grc' dir='ltr'>ἱστορεῖ,</span> <span class='ocrx_word' id='word_1_93' title='bbox 757 1896 884 1998; x_wconf 82' lang='grc' dir='ltr'>λε’γων,</span> <span class='ocrx_word' id='word_1_94' title='bbox 896 1901 960 1976; x_wconf 73' lang='grc' dir='ltr'>Τοῦ</span> <span class='ocrx_word' id='word_1_95' title='bbox 979 1894 1014 1976; x_wconf 76' lang='grc' dir='ltr'>δὲ</span> <span class='ocrx_word' id='word_1_96' title='bbox 1032 1901 1136 1990; x_wconf 73' lang='grc' dir='ltr'>Ἰησοῦ</span> <span class='ocrx_word' id='word_1_97' title='bbox 1155 1893 1348 1997; x_wconf 71' lang='grc' dir='ltr'>γεννηθέντος</span> 
     </span>
     <span class='ocr_line' id='line_1_15' title="bbox 252 2016 1348 2127; baseline -0.004 -23"><span class='ocrx_word' id='word_1_98' title='bbox 252 2027 281 2104; x_wconf 75' lang='grc' dir='ltr'>ἐν</span> <span class='ocrx_word' id='word_1_99' title='bbox 310 2021 457 2125; x_wconf 70' lang='grc' dir='ltr'>Βηθλεὲμ</span> <span class='ocrx_word' id='word_1_100' title='bbox 485 2023 541 2115; x_wconf 61' lang='lat' dir='ltr'>riis</span> <span class='ocrx_word' id='word_1_101' title='bbox 558 2019 737 2112; x_wconf 82' lang='grc' dir='ltr'>Ἰουδαίας,</span> <span class='ocrx_word' id='word_1_102' title='bbox 767 2023 797 2102; x_wconf 78' lang='grc' dir='ltr'>ἕν</span> <span class='ocrx_word' id='word_1_103' title='bbox 824 2021 959 2127; x_wconf 65' lang='grc' dir='ltr'>ἡμέραις</span> <span class='ocrx_word' id='word_1_104' title='bbox 981 2016 1125 2127; x_wconf 77' lang='grc' dir='ltr'>Ἠριίάοιι</span> <span class='ocrx_word' id='word_1_105' title='bbox 1155 2024 1209 2099; x_wconf 76' lang='grc' dir='ltr'>τοῦ</span> <span class='ocrx_word' id='word_1_106' title='bbox 1240 2025 1348 2114; x_wconf 81' lang='grc' dir='ltr'>βασι-</span> 
     </span>
     <span class='ocr_line' id='line_1_16' title="bbox 250 2142 1393 2252; baseline -0.003 -24"><span class='ocrx_word' id='word_1_107' title='bbox 250 2147 347 2233; x_wconf 72' lang='grc' dir='ltr'>λέως.</span> <span class='ocrx_word' id='word_1_108' title='bbox 409 2149 480 2227; x_wconf 78' lang='grc' dir='ltr'>Καὶ</span> <span class='ocrx_word' id='word_1_109' title='bbox 498 2150 572 2246; x_wconf 85' lang='grc' dir='ltr'>μετ’</span> <span class='ocrx_word' id='word_1_110' title='bbox 593 2149 700 2247; x_wconf 86' lang='grc' dir='ltr'>ὀλίγα</span> <span class='ocrx_word' id='word_1_111' title='bbox 719 2148 844 2252; x_wconf 79' lang='grc' dir='ltr'>φησὶν,</span> <span class='ocrx_word' id='word_1_112' title='bbox 852 2145 1023 2231; x_wconf 72' lang='grc' dir='ltr'>Ἀκούσας</span> <span class='ocrx_word' id='word_1_113' title='bbox 1043 2142 1078 2226; x_wconf 78' lang='grc' dir='ltr'>ἀὲ</span> <span class='ocrx_word' id='word_1_114' title='bbox 1096 2147 1143 2226; x_wconf 82' lang='grc' dir='ltr'>’ίτι</span> <span class='ocrx_word' id='word_1_115' title='bbox 1161 2143 1348 2252; x_wconf 71' lang='grc' dir='ltr'>Ἀρχέλαος</span> <span class='ocrx_word' id='word_1_116' title='bbox 1360 2193 1393 2226; x_wconf 83' lang='grc' dir='ltr'>ιο</span> 
     </span>
     <span class='ocr_line' id='line_1_17' title="bbox 249 2267 1345 2377; baseline -0.001 -25"><span class='ocrx_word' id='word_1_117' title='bbox 249 2273 428 2368; x_wconf 78' lang='grc' dir='ltr'>βασιλεία</span> <span class='ocrx_word' id='word_1_118' title='bbox 457 2271 512 2366; x_wconf 58' lang='grc' dir='ltr'>τίς</span> <span class='ocrx_word' id='word_1_119' title='bbox 531 2268 710 2361; x_wconf 62' lang='grc' dir='ltr'>Ἰουδαίοις,</span> <span class='ocrx_word' id='word_1_120' title='bbox 736 2273 809 2352; x_wconf 67' lang='grc' dir='ltr'>ἀντὶ</span> <span class='ocrx_word' id='word_1_121' title='bbox 826 2267 968 2377; x_wconf 80' lang='grc' dir='ltr'>Ἠριίάου</span> <span class='ocrx_word' id='word_1_122' title='bbox 997 2274 1052 2352; x_wconf 67' lang='lat' dir='ltr'>rot</span> <span class='ocrx_word' id='word_1_123' title='bbox 1079 2273 1207 2375; x_wconf 71' lang='grc' dir='ltr'>πατρὶς</span> <span class='ocrx_word' id='word_1_124' title='bbox 1235 2275 1345 2352; x_wconf 68' lang='grc' dir='ltr'>αὐτοῦ.</span> 
     </span>
    </p>

    <p class='ocr_par' dir='ltr' id='par_1_6' title="bbox 214 2396 1384 3004">
     <span class='ocr_line' id='line_1_18' title="bbox 214 2396 1351 2503; baseline 0.005 -29"><span class='ocrx_word' id='word_1_125' title='bbox 214 2401 298 2478; x_wconf 80' lang='lat' dir='ltr'><strong>¹⁴‘O</strong></span> <span class='ocrx_word' id='word_1_126' title='bbox 313 2398 350 2477; x_wconf 77' lang='grc' dir='ltr'>δὲ</span> <span class='ocrx_word' id='word_1_127' title='bbox 370 2405 510 2481; x_wconf 79' lang='grc' dir='ltr'>Λουκᾶς</span> <span class='ocrx_word' id='word_1_128' title='bbox 523 2396 586 2477; x_wconf 82' lang='grc' dir='ltr'>τὸν</span> <span class='ocrx_word' id='word_1_129' title='bbox 605 2401 669 2496; x_wconf 84' lang='grc' dir='ltr'>τῆς</span> <span class='ocrx_word' id='word_1_130' title='bbox 686 2399 920 2479; x_wconf 87' lang='grc' dir='ltr'>διδασκαλίας</span> <span class='ocrx_word' id='word_1_131' title='bbox 938 2398 1046 2478; x_wconf 80' lang='grc' dir='ltr'>αὐτοῦ</span> <span class='ocrx_word' id='word_1_132' title='bbox 1065 2400 1123 2476; x_wconf 84' lang='grc' dir='ltr'>καὶ</span> <span class='ocrx_word' id='word_1_133' title='bbox 1141 2397 1351 2503; x_wconf 83' lang='grc' dir='ltr'>ἀναδείξεως</span> 
     </span>
     <span class='ocr_line' id='line_1_19' title="bbox 249 2519 1384 2632; baseline 0.004 -29"><span class='ocrx_word' id='word_1_134' title='bbox 249 2521 380 2627; x_wconf 84' lang='grc' dir='ltr'>χρόνον</span> <span class='ocrx_word' id='word_1_135' title='bbox 401 2523 631 2626; x_wconf 71' lang='grc' dir='ltr'>ιιπαρέστησε</span> <span class='ocrx_word' id='word_1_136' title='bbox 655 2520 782 2623; x_wconf 70' lang='grc' dir='ltr'>λέγων,</span> <span class='ocrx_word' id='word_1_137' title='bbox 801 2527 855 2602; x_wconf 83' lang='grc' dir='ltr'>Ἐν</span> <span class='ocrx_word' id='word_1_138' title='bbox 881 2523 941 2602; x_wconf 81' lang='grc' dir='ltr'>ἔτει</span> <span class='ocrx_word' id='word_1_139' title='bbox 970 2519 1264 2632; x_wconf 76' lang='grc' dir='ltr'>πεντεκαιθειιοίτῳ</span> <span class='ocrx_word' id='word_1_140' title='bbox 1291 2521 1384 2618; x_wconf 61' lang='lat' dir='ltr'>aiod</span> 
     </span>
     <span class='ocr_line' id='line_1_20' title="bbox 250 2647 1351 2756; baseline -0.004 -28"><span class='ocrx_word' id='word_1_141' title='bbox 250 2647 427 2753; x_wconf 70' lang='grc' dir='ltr'>ἡγεμονίας</span> <span class='ocrx_word' id='word_1_142' title='bbox 445 2647 593 2753; x_wconf 76' lang='grc' dir='ltr'>Τιβερίου</span> <span class='ocrx_word' id='word_1_143' title='bbox 625 2653 808 2756; x_wconf 80' lang='grc' dir='ltr'>Καίσαρος,</span> <span class='ocrx_word' id='word_1_144' title='bbox 834 2647 1096 2755; x_wconf 75' lang='grc' dir='ltr'>ἐπιτροπεύοντος</span> <span class='ocrx_word' id='word_1_145' title='bbox 1125 2650 1257 2728; x_wconf 83' lang='grc' dir='ltr'>Ποντίου</span> <span class='ocrx_word' id='word_1_146' title='bbox 1286 2664 1351 2726; x_wconf 89' lang='grc' dir='ltr'>Πι-</span> 
     </span>
     <span class='ocr_line' id='line_1_21' title="bbox 249 2767 1353 2878; baseline -0.004 -25"><span class='ocrx_word' id='word_1_147' title='bbox 249 2774 355 2852; x_wconf 85' lang='grc' dir='ltr'>λοίτου</span> <span class='ocrx_word' id='word_1_148' title='bbox 391 2771 447 2867; x_wconf 51' lang='lat' dir='ltr'>ris</span> <span class='ocrx_word' id='word_1_149' title='bbox 479 2768 658 2862; x_wconf 64' lang='grc' dir='ltr'>Ἰουδαίας,</span> <span class='ocrx_word' id='word_1_150' title='bbox 697 2774 944 2878; x_wconf 73' lang='grc' dir='ltr'>τετραρχοῦντος</span> <span class='ocrx_word' id='word_1_151' title='bbox 986 2767 1021 2849; x_wconf 79' lang='grc' dir='ltr'>ἀί</span> <span class='ocrx_word' id='word_1_152' title='bbox 1057 2770 1114 2863; x_wconf 59' lang='grc' dir='ltr'>τῆς</span> <span class='ocrx_word' id='word_1_153' title='bbox 1151 2775 1353 2855; x_wconf 80' lang='grc' dir='ltr'>Γαλιλαίας</span> 
     </span>
     <span class='ocr_line' id='line_1_22' title="bbox 248 2892 1373 3004; baseline 0.001 -28"><span class='ocrx_word' id='word_1_154' title='bbox 248 2895 403 3004; x_wconf 69' lang='grc' dir='ltr'>Ἡρώδου,</span> <span class='ocrx_word' id='word_1_155' title='bbox 430 2901 603 2978; x_wconf 84' lang='grc' dir='ltr'>Φιλίππου</span> <span class='ocrx_word' id='word_1_156' title='bbox 637 2893 672 2977; x_wconf 78' lang='grc' dir='ltr'>ἀὲ</span> <span class='ocrx_word' id='word_1_157' title='bbox 704 2900 758 2976; x_wconf 75' lang='grc' dir='ltr'>τοῦ</span> <span class='ocrx_word' id='word_1_158' title='bbox 792 2892 946 3001; x_wconf 76' lang='grc' dir='ltr'>ἀθελφοῧ</span> <span class='ocrx_word' id='word_1_159' title='bbox 974 2899 1072 2975; x_wconf 72' lang='grc' dir='ltr'>αὐτοῦ</span> <span class='ocrx_word' id='word_1_160' title='bbox 1105 2899 1373 3001; x_wconf 74' lang='grc' dir='ltr'>τετραρχοῦντοςς</span> 
     </span>
    </p>

    <p class='ocr_par' dir='ltr' id='par_1_7' title="bbox 528 3041 1074 3114">
     <span class='ocr_line' id='line_1_23' title="bbox 528 3041 1074 3114; baseline -0.002 -18"><span class='ocrx_word' id='word_1_161' title='bbox 528 3050 551 3081; x_wconf 76' lang='lat'>¹⁰</span> <span class='ocrx_word' id='word_1_162' title='bbox 566 3043 724 3114; x_wconf 80' lang='grc' dir='ltr'>ε’νμπρῶτοις</span> <span class='ocrx_word' id='word_1_163' title='bbox 739 3043 767 3096; x_wconf 90' lang='lat' dir='ltr'>S.</span> <span class='ocrx_word' id='word_1_164' title='bbox 854 3050 870 3080; x_wconf 78' lang='lat'>¹¹</span> <span class='ocrx_word' id='word_1_165' title='bbox 883 3041 1032 3112; x_wconf 72' lang='grc' dir='ltr'>παρίστησι</span> <span class='ocrx_word' id='word_1_166' title='bbox 1047 3041 1074 3096; x_wconf 84' lang='lat' dir='ltr'>S.</span> 
     </span>
    </p>
   </div>
   <div class='ocr_carea' id='block_1_5' title="bbox 90 3142 1358 4332">
    <p class='ocr_par' dir='ltr' id='par_1_8' title="bbox 250 3142 1350 3378">
     <span class='ocr_line' id='line_1_24' title="bbox 250 3142 1350 3218; baseline 0.004 -21"><span class='ocrx_word' id='word_1_167' title='bbox 250 3142 341 3198; x_wconf 89' lang='lat' dir='ltr'>mines</span> <span class='ocrx_word' id='word_1_168' title='bbox 362 3142 391 3198; x_wconf 89' lang='lat' dir='ltr'>in</span> <span class='ocrx_word' id='word_1_169' title='bbox 405 3143 467 3200; x_wconf 90' lang='lat' dir='ltr'>Deo</span> <span class='ocrx_word' id='word_1_170' title='bbox 489 3143 633 3200; x_wconf 87' lang='lat' dir='ltr'>adhortari</span> <span class='ocrx_word' id='word_1_171' title='bbox 653 3144 782 3212; x_wconf 86' lang='lat' dir='ltr'>salntem,</span> <span class='ocrx_word' id='word_1_172' title='bbox 802 3145 948 3218; x_wconf 79' lang='lat' dir='ltr'><strong>ipsamque</strong></span> <span class='ocrx_word' id='word_1_173' title='bbox 962 3144 1122 3206; x_wconf 63' lang='lat' dir='ltr'>teutatem.</span> <span class='ocrx_word' id='word_1_174' title='bbox 1137 3161 1267 3218; x_wconf 74' lang='lat' dir='ltr'>veraeque</span> <span class='ocrx_word' id='word_1_175' title='bbox 1285 3143 1350 3200; x_wconf 90' lang='lat' dir='ltr'>reli-</span> 
     </span>
     <span class='ocr_line' id='line_1_25' title="bbox 251 3221 1350 3298; baseline 0.002 -20"><span class='ocrx_word' id='word_1_176' title='bbox 251 3222 345 3296; x_wconf 83' lang='lat' dir='ltr'>gionis</span> <span class='ocrx_word' id='word_1_177' title='bbox 358 3221 463 3287; x_wconf 82' lang='lat' dir='ltr'>lumen,</span> <span class='ocrx_word' id='word_1_178' title='bbox 479 3241 531 3279; x_wconf 85' lang='lat' dir='ltr'>nec</span> <span class='ocrx_word' id='word_1_179' title='bbox 552 3242 610 3280; x_wconf 89' lang='lat' dir='ltr'>nan</span> <span class='ocrx_word' id='word_1_180' title='bbox 631 3225 745 3282; x_wconf 77' lang='lat' dir='ltr'>coeleste</span> <span class='ocrx_word' id='word_1_181' title='bbox 764 3241 885 3298; x_wconf 82' lang='lat' dir='ltr'>regnum</span> <span class='ocrx_word' id='word_1_182' title='bbox 907 3243 941 3280; x_wconf 87' lang='lat' dir='ltr'>uo</span> <span class='ocrx_word' id='word_1_183' title='bbox 958 3223 1138 3298; x_wconf 76' lang='lat' dir='ltr'>sempiternae</span> <span class='ocrx_word' id='word_1_184' title='bbox 1151 3223 1216 3280; x_wconf 80' lang='lat' dir='ltr'>vitae</span> <span class='ocrx_word' id='word_1_185' title='bbox 1230 3224 1350 3298; x_wconf 86' lang='lat' dir='ltr'>promis-</span> 
     </span>
     <span class='ocr_line' id='line_1_26' title="bbox 252 3303 1005 3378; baseline 0 -18"><span class='ocrx_word' id='word_1_186' title='bbox 252 3303 371 3367; x_wconf 86' lang='lat' dir='ltr'>sionem,</span> <span class='ocrx_word' id='word_1_187' title='bbox 386 3303 517 3360; x_wconf 89' lang='lat' dir='ltr'>omuibus</span> <span class='ocrx_word' id='word_1_188' title='bbox 530 3304 591 3376; x_wconf 86' lang='lat' dir='ltr'>ipse</span> <span class='ocrx_word' id='word_1_189' title='bbox 605 3304 682 3377; x_wconf 87' lang='lat' dir='ltr'>prior</span> <span class='ocrx_word' id='word_1_190' title='bbox 696 3304 836 3378; x_wconf 87' lang='lat' dir='ltr'>spondere</span> <span class='ocrx_word' id='word_1_191' title='bbox 851 3323 883 3360; x_wconf 85' lang='lat' dir='ltr'>ao</span> <span class='ocrx_word' id='word_1_192' title='bbox 897 3322 1005 3377; x_wconf 86' lang='lat' dir='ltr'>parare.</span> 
     </span>
    </p>

    <p class='ocr_par' dir='ltr' id='par_1_9' title="bbox 251 3383 1355 3858">
     <span class='ocr_line' id='line_1_27' title="bbox 294 3383 1350 3457; baseline -0.003 -18"><span class='ocrx_word' id='word_1_193' title='bbox 294 3383 440 3440; x_wconf 80' lang='lat' dir='ltr'>Hactenus</span> <span class='ocrx_word' id='word_1_194' title='bbox 449 3383 537 3457; x_wconf 84' lang='lat' dir='ltr'>igitur</span> <span class='ocrx_word' id='word_1_195' title='bbox 547 3383 608 3440; x_wconf 81' lang='lat' dir='ltr'>haec</span> <span class='ocrx_word' id='word_1_196' title='bbox 623 3384 698 3441; x_wconf 87' lang='lat' dir='ltr'>diota</span> <span class='ocrx_word' id='word_1_197' title='bbox 712 3385 769 3439; x_wconf 89' lang='lat' dir='ltr'>sint</span> <span class='ocrx_word' id='word_1_198' title='bbox 783 3383 818 3440; x_wconf 89' lang='lat' dir='ltr'>de</span> <span class='ocrx_word' id='word_1_199' title='bbox 833 3383 1017 3457; x_wconf 85' lang='lat' dir='ltr'>temporibus,</span> <span class='ocrx_word' id='word_1_200' title='bbox 1029 3402 1113 3457; x_wconf 88' lang='lat' dir='ltr'>quarn</span> <span class='ocrx_word' id='word_1_201' title='bbox 1127 3383 1225 3456; x_wconf 89' lang='lat' dir='ltr'>ntique</span> <span class='ocrx_word' id='word_1_202' title='bbox 1238 3383 1275 3440; x_wconf 92' lang='lat' dir='ltr'>ob</span> <span class='ocrx_word' id='word_1_203' title='bbox 1286 3401 1350 3438; x_wconf 89' lang='lat' dir='ltr'>oau-</span> 
     </span>
     <span class='ocr_line' id='line_1_28' title="bbox 252 3462 1352 3538; baseline -0.004 -18"><span class='ocrx_word' id='word_1_204' title='bbox 252 3481 312 3520; x_wconf 89' lang='lat' dir='ltr'>sam</span> <span class='ocrx_word' id='word_1_205' title='bbox 328 3483 384 3520; x_wconf 89' lang='lat' dir='ltr'>uon</span> <span class='ocrx_word' id='word_1_206' title='bbox 403 3463 534 3538; x_wconf 83' lang='lat' dir='ltr'>jamdiu,</span> <span class='ocrx_word' id='word_1_207' title='bbox 549 3464 600 3519; x_wconf 85' lang='lat' dir='ltr'>sed</span> <span class='ocrx_word' id='word_1_208' title='bbox 618 3482 694 3520; x_wconf 87' lang='lat' dir='ltr'>nuno</span> <span class='ocrx_word' id='word_1_209' title='bbox 713 3463 837 3529; x_wconf 88' lang='lat' dir='ltr'>demum,</span> <span class='ocrx_word' id='word_1_210' title='bbox 853 3463 985 3520; x_wconf 87' lang='lat' dir='ltr'>Christus</span> <span class='ocrx_word' id='word_1_211' title='bbox 999 3463 1053 3520; x_wconf 93' lang='lat' dir='ltr'>Dei</span> <span class='ocrx_word' id='word_1_212' title='bbox 1066 3463 1095 3520; x_wconf 90' lang='lat' dir='ltr'>in</span> <span class='ocrx_word' id='word_1_213' title='bbox 1110 3481 1210 3520; x_wconf 86' lang='lat' dir='ltr'>omnes</span> <span class='ocrx_word' id='word_1_214' title='bbox 1223 3462 1352 3518; x_wconf 86' lang='lat' dir='ltr'>homines</span> 
     </span>
     <span class='ocr_line' id='line_1_29' title="bbox 252 3540 1350 3617; baseline -0.003 -18"><span class='ocrx_word' id='word_1_215' title='bbox 252 3562 334 3601; x_wconf 88' lang='lat' dir='ltr'>suum</span> <span class='ocrx_word' id='word_1_216' title='bbox 345 3543 440 3600; x_wconf 88' lang='lat' dir='ltr'>lumen</span> <span class='ocrx_word' id='word_1_217' title='bbox 451 3543 586 3600; x_wconf 81' lang='lat' dir='ltr'>emiserit.</span> <span class='ocrx_word' id='word_1_218' title='bbox 609 3543 751 3600; x_wconf 82' lang='lat' dir='ltr'>Caeterum</span> <span class='ocrx_word' id='word_1_219' title='bbox 761 3544 796 3600; x_wconf 90' lang='lat' dir='ltr'>ad</span> <span class='ocrx_word' id='word_1_220' title='bbox 808 3543 953 3617; x_wconf 77' lang='lat' dir='ltr'>superiora</span> <span class='ocrx_word' id='word_1_221' title='bbox 961 3544 1122 3608; x_wconf 86' lang='lat' dir='ltr'>redeuntes,</span> <span class='ocrx_word' id='word_1_222' title='bbox 1132 3552 1293 3616; x_wconf 85' lang='lat' dir='ltr'>temporum</span> <span class='ocrx_word' id='word_1_223' title='bbox 1302 3540 1350 3596; x_wconf 90' lang='lat' dir='ltr'>ad·</span> 
     </span>
     <span class='ocr_line' id='line_1_30' title="bbox 251 3620 1352 3697; baseline -0.003 -18"><span class='ocrx_word' id='word_1_224' title='bbox 251 3633 355 3681; x_wconf 81' lang='lat' dir='ltr'>ventus</span> <span class='ocrx_word' id='word_1_225' title='bbox 363 3623 439 3680; x_wconf 89' lang='lat' dir='ltr'>illius</span> <span class='ocrx_word' id='word_1_226' title='bbox 450 3623 637 3697; x_wconf 75' lang='lat' dir='ltr'>particulatim</span> <span class='ocrx_word' id='word_1_227' title='bbox 647 3642 709 3696; x_wconf 81' lang='lat' dir='ltr'>quau</span> <span class='ocrx_word' id='word_1_228' title='bbox 722 3624 806 3696; x_wconf 84' lang='lat' dir='ltr'>signa</span> <span class='ocrx_word' id='word_1_229' title='bbox 820 3623 967 3681; x_wconf 80' lang='lat' dir='ltr'>extiterint</span> <span class='ocrx_word' id='word_1_230' title='bbox 980 3623 1201 3687; x_wconf 87' lang='lat' dir='ltr'>consideremus,</span> <span class='ocrx_word' id='word_1_231' title='bbox 1211 3620 1352 3696; x_wconf 80' lang='lat' dir='ltr'>evangeii-</span> 
     </span>
     <span class='ocr_line' id='line_1_31' title="bbox 252 3701 1355 3778; baseline -0.003 -18"><span class='ocrx_word' id='word_1_232' title='bbox 252 3721 356 3778; x_wconf 84' lang='lat' dir='ltr'>oasque</span> <span class='ocrx_word' id='word_1_233' title='bbox 377 3704 406 3761; x_wconf 93' lang='lat' dir='ltr'>iu</span> <span class='ocrx_word' id='word_1_234' title='bbox 427 3703 525 3777; x_wconf 79' lang='lat' dir='ltr'>primia</span> <span class='ocrx_word' id='word_1_235' title='bbox 546 3703 582 3759; x_wconf 89' lang='lat' dir='ltr'>de</span> <span class='ocrx_word' id='word_1_236' title='bbox 603 3712 668 3759; x_wconf 85' lang='lat' dir='ltr'>ortu</span> <span class='ocrx_word' id='word_1_237' title='bbox 689 3705 750 3777; x_wconf 88' lang='lat' dir='ltr'>ejus</span> <span class='ocrx_word' id='word_1_238' title='bbox 768 3722 852 3760; x_wconf 84' lang='lat' dir='ltr'>voces</span> <span class='ocrx_word' id='word_1_239' title='bbox 872 3704 1050 3760; x_wconf 83' lang='lat' dir='ltr'>adnotemus.</span> <span class='ocrx_word' id='word_1_240' title='bbox 1091 3703 1248 3760; x_wconf 66' lang='lat' dir='ltr'>Mattheus</span> <span class='ocrx_word' id='word_1_241' title='bbox 1266 3701 1355 3776; x_wconf 85' lang='lat' dir='ltr'>igitur</span> 
     </span>
     <span class='ocr_line' id='line_1_32' title="bbox 253 3781 1354 3858; baseline -0.002 -20"><span class='ocrx_word' id='word_1_242' title='bbox 253 3790 365 3858; x_wconf 85' lang='lat' dir='ltr'>tempus</span> <span class='ocrx_word' id='word_1_243' title='bbox 386 3802 442 3857; x_wconf 92' lang='lat' dir='ltr'>quo</span> <span class='ocrx_word' id='word_1_244' title='bbox 463 3783 511 3840; x_wconf 82' lang='lat' dir='ltr'>ille</span> <span class='ocrx_word' id='word_1_245' title='bbox 532 3781 561 3838; x_wconf 92' lang='lat' dir='ltr'>in</span> <span class='ocrx_word' id='word_1_246' title='bbox 582 3800 701 3858; x_wconf 81' lang='lat' dir='ltr'>corpore</span> <span class='ocrx_word' id='word_1_247' title='bbox 722 3782 848 3839; x_wconf 84' lang='lat' dir='ltr'>humano</span> <span class='ocrx_word' id='word_1_248' title='bbox 869 3783 956 3839; x_wconf 86' lang='lat' dir='ltr'>videri</span> <span class='ocrx_word' id='word_1_249' title='bbox 978 3784 1073 3857; x_wconf 86' lang='lat' dir='ltr'>ooepit,</span> <span class='ocrx_word' id='word_1_250' title='bbox 1094 3783 1123 3838; x_wconf 93' lang='lat' dir='ltr'>in</span> <span class='ocrx_word' id='word_1_251' title='bbox 1140 3783 1217 3848; x_wconf 85' lang='lat' dir='ltr'>buno</span> <span class='ocrx_word' id='word_1_252' title='bbox 1239 3782 1354 3839; x_wconf 86' lang='lat' dir='ltr'>modum</span> 
     </span>
    </p>

    <p class='ocr_par' dir='ltr' id='par_1_10' title="bbox 90 3861 1358 4332">
     <span class='ocr_line' id='line_1_33' title="bbox 90 3861 1356 3935; baseline -0.003 -15"><span class='ocrx_word' id='word_1_253' title='bbox 90 3881 223 3929; x_wconf 57' lang='lat' dir='ltr'>arantium.</span> <span class='ocrx_word' id='word_1_254' title='bbox 252 3872 365 3918; x_wconf 84' lang='lat' dir='ltr'>narrat:</span> <span class='ocrx_word' id='word_1_255' title='bbox 389 3863 479 3925; x_wconf 84' lang='lat' dir='ltr'>Quam</span> <span class='ocrx_word' id='word_1_256' title='bbox 494 3870 570 3926; x_wconf 73' lang='lat' dir='ltr'>esset,</span> <span class='ocrx_word' id='word_1_257' title='bbox 585 3861 685 3935; x_wconf 88' lang='lat' dir='ltr'>iuquit,</span> <span class='ocrx_word' id='word_1_258' title='bbox 700 3871 785 3918; x_wconf 80' lang='lat' dir='ltr'>notua</span> <span class='ocrx_word' id='word_1_259' title='bbox 797 3864 877 3919; x_wconf 78' lang='lat' dir='ltr'>Jesua</span> <span class='ocrx_word' id='word_1_260' title='bbox 898 3865 926 3918; x_wconf 83' lang='lat' dir='ltr'>ta</span> <span class='ocrx_word' id='word_1_261' title='bbox 942 3863 1080 3921; x_wconf 74' lang='lat' dir='ltr'>Bethleem</span> <span class='ocrx_word' id='word_1_262' title='bbox 1095 3863 1198 3919; x_wconf 77' lang='lat' dir='ltr'>Jaaaeae</span> <span class='ocrx_word' id='word_1_263' title='bbox 1217 3863 1245 3918; x_wconf 86' lang='grc' dir='ltr'>ιἰι</span> <span class='ocrx_word' id='word_1_264' title='bbox 1263 3861 1356 3917; x_wconf 77' lang='lat' dir='ltr'>dietas</span> 
     </span>
     <span class='ocr_line' id='line_1_34' title="bbox 254 3941 1356 4016; baseline 0 -20"><span class='ocrx_word' id='word_1_265' title='bbox 254 3943 370 3997; x_wconf 80' lang='lat' dir='ltr'>Herodis</span> <span class='ocrx_word' id='word_1_266' title='bbox 383 3945 462 4013; x_wconf 77' lang='lat' dir='ltr'>regia.</span> <span class='ocrx_word' id='word_1_267' title='bbox 494 3942 532 3998; x_wconf 85' lang='lat' dir='ltr'>Et</span> <span class='ocrx_word' id='word_1_268' title='bbox 545 3941 629 4015; x_wconf 87' lang='lat' dir='ltr'>paulo</span> <span class='ocrx_word' id='word_1_269' title='bbox 645 3948 718 4014; x_wconf 87' lang='lat' dir='ltr'>post,</span> <span class='ocrx_word' id='word_1_270' title='bbox 729 3943 859 4006; x_wconf 79' lang='grc' dir='ltr'>Λυδίους,</span> <span class='ocrx_word' id='word_1_271' title='bbox 871 3941 971 4015; x_wconf 89' lang='lat' dir='ltr'>inquit,</span> <span class='ocrx_word' id='word_1_272' title='bbox 984 3943 1056 4016; x_wconf 82' lang='lat' dir='ltr'>quod</span> <span class='ocrx_word' id='word_1_273' title='bbox 1067 3942 1219 4000; x_wconf 73' lang='lat' dir='ltr'>Archelaus</span> <span class='ocrx_word' id='word_1_274' title='bbox 1232 3948 1356 4014; x_wconf 76' lang='lat' dir='ltr'>regnaret</span> 
     </span>
     <span class='ocr_line' id='line_1_35' title="bbox 253 4021 1355 4098; baseline 0.001 -23"><span class='ocrx_word' id='word_1_275' title='bbox 253 4021 282 4075; x_wconf 85' lang='grc' dir='ltr'>ιἰι</span> <span class='ocrx_word' id='word_1_276' title='bbox 301 4021 400 4076; x_wconf 83' lang='lat' dir='ltr'>Judaea</span> <span class='ocrx_word' id='word_1_277' title='bbox 421 4039 474 4093; x_wconf 85' lang='grc' dir='ltr'>ρτο</span> <span class='ocrx_word' id='word_1_278' title='bbox 496 4021 608 4076; x_wconf 83' lang='lat' dir='ltr'>Herode</span> <span class='ocrx_word' id='word_1_279' title='bbox 626 4028 707 4092; x_wconf 84' lang='lat' dir='ltr'>patre</span> <span class='ocrx_word' id='word_1_280' title='bbox 727 4039 785 4077; x_wconf 87' lang='grc' dir='ltr'>ιιιο.</span> <span class='ocrx_word' id='word_1_281' title='bbox 827 4021 920 4077; x_wconf 82' lang='lat' dir='ltr'>Lucus</span> <span class='ocrx_word' id='word_1_282' title='bbox 940 4031 1035 4079; x_wconf 83' lang='lat' dir='ltr'>autem</span> <span class='ocrx_word' id='word_1_283' title='bbox 1055 4041 1111 4096; x_wconf 91' lang='lat' dir='ltr'>quo</span> <span class='ocrx_word' id='word_1_284' title='bbox 1124 4030 1254 4098; x_wconf 87' lang='lat' dir='ltr'>tempore</span> <span class='ocrx_word' id='word_1_285' title='bbox 1267 4021 1314 4076; x_wconf 82' lang='lat' dir='ltr'>ille</span> <span class='ocrx_word' id='word_1_286' title='bbox 1327 4029 1355 4076; x_wconf 86' lang='lat' dir='ltr'>et</span> 
     </span>
     <span class='ocr_line' id='line_1_36' title="bbox 90 4099 1357 4175; baseline -0.003 -17"><span class='ocrx_word' id='word_1_287' title='bbox 90 4109 139 4149; x_wconf 78' lang='lat' dir='ltr'>nus.</span> <span class='ocrx_word' id='word_1_288' title='bbox 150 4120 170 4158; x_wconf 68' lang='grc' dir='ltr'>ιι</span> <span class='ocrx_word' id='word_1_289' title='bbox 181 4119 199 4148; x_wconf 80' lang='lat'>1·</span> <span class='ocrx_word' id='word_1_290' title='bbox 254 4099 357 4156; x_wconf 89' lang='lat' dir='ltr'>dooere</span> <span class='ocrx_word' id='word_1_291' title='bbox 378 4108 408 4155; x_wconf 85' lang='lat' dir='ltr'>et</span> <span class='ocrx_word' id='word_1_292' title='bbox 426 4099 551 4173; x_wconf 87' lang='lat' dir='ltr'>seipsum</span> <span class='ocrx_word' id='word_1_293' title='bbox 570 4100 720 4156; x_wconf 82' lang='lat' dir='ltr'>ostendere</span> <span class='ocrx_word' id='word_1_294' title='bbox 741 4101 857 4175; x_wconf 81' lang='lat' dir='ltr'>coeperit</span> <span class='ocrx_word' id='word_1_295' title='bbox 878 4101 1064 4167; x_wconf 87' lang='lat' dir='ltr'>demonstrat,</span> <span class='ocrx_word' id='word_1_296' title='bbox 1085 4101 1132 4158; x_wconf 89' lang='lat' dir='ltr'>ubi</span> <span class='ocrx_word' id='word_1_297' title='bbox 1153 4101 1202 4164; x_wconf 88' lang='lat' dir='ltr'>ait,</span> <span class='ocrx_word' id='word_1_298' title='bbox 1216 4101 1297 4158; x_wconf 84' lang='grc' dir='ltr'>Αιυιο</span> <span class='ocrx_word' id='word_1_299' title='bbox 1312 4117 1357 4156; x_wconf 78' lang='grc' dir='ltr'>τιν</span> 
     </span>
     <span class='ocr_line' id='line_1_37' title="bbox 255 4177 1357 4250; baseline 0.005 -20"><span class='ocrx_word' id='word_1_300' title='bbox 255 4177 361 4248; x_wconf 80' lang='lat' dir='ltr'>imperti</span> <span class='ocrx_word' id='word_1_301' title='bbox 385 4177 485 4230; x_wconf 76' lang='lat' dir='ltr'>Tiberii</span> <span class='ocrx_word' id='word_1_302' title='bbox 501 4178 621 4242; x_wconf 73' lang='lat' dir='ltr'>Casuria,</span> <span class='ocrx_word' id='word_1_303' title='bbox 641 4189 806 4250; x_wconf 77' lang='lat' dir='ltr'>procurante</span> <span class='ocrx_word' id='word_1_304' title='bbox 825 4181 927 4238; x_wconf 80' lang='lat' dir='ltr'>Pontia</span> <span class='ocrx_word' id='word_1_305' title='bbox 950 4183 1041 4238; x_wconf 79' lang='lat' dir='ltr'>Pilato</span> <span class='ocrx_word' id='word_1_306' title='bbox 1060 4183 1194 4244; x_wconf 69' lang='lat' dir='ltr'>Judaeum.</span> <span class='ocrx_word' id='word_1_307' title='bbox 1218 4179 1357 4236; x_wconf 76' lang='lat' dir='ltr'>tetrarcha</span> 
     </span>
     <span class='ocr_line' id='line_1_38' title="bbox 255 4255 1358 4332; baseline 0.006 -26"><span class='ocrx_word' id='word_1_308' title='bbox 255 4261 346 4307; x_wconf 83' lang='lat' dir='ltr'>autem</span> <span class='ocrx_word' id='word_1_309' title='bbox 365 4255 486 4307; x_wconf 77' lang='lat' dir='ltr'>Galilaoe</span> <span class='ocrx_word' id='word_1_310' title='bbox 506 4255 619 4317; x_wconf 83' lang='lat' dir='ltr'>Herode,</span> <span class='ocrx_word' id='word_1_311' title='bbox 635 4256 766 4328; x_wconf 77' lang='grc' dir='ltr'>ΡΙιίίίρρο</span> <span class='ocrx_word' id='word_1_312' title='bbox 782 4267 872 4316; x_wconf 85' lang='lat' dir='ltr'>autem</span> <span class='ocrx_word' id='word_1_313' title='bbox 885 4259 982 4332; x_wconf 79' lang='lat' dir='ltr'>fratre</span> <span class='ocrx_word' id='word_1_314' title='bbox 1002 4261 1061 4331; x_wconf 80' lang='lat' dir='ltr'>ejas</span> <span class='ocrx_word' id='word_1_315' title='bbox 1083 4260 1224 4318; x_wconf 77' lang='lat' dir='ltr'>tetrarcta</span> <span class='ocrx_word' id='word_1_316' title='bbox 1247 4261 1358 4315; x_wconf 76' lang='lat' dir='ltr'>Itruriae</span> 
     </span>
    </p>
   </div>
   <div class='ocr_carea' id='block_1_6' title="bbox 0 0 1585 4722">
    <p class='ocr_par' dir='ltr' id='par_1_11' title="bbox 0 0 1585 4722">
     <span class='ocr_line' id='line_1_39' title="bbox 0 0 1585 4722; baseline 0 0"><span class='ocrx_word' id='word_1_317' title='bbox 0 0 1585 4722; x_wconf 95' lang='lat' dir='ltr'> </span> 
     </span>
    </p>
   </div>
  </div>
 </body>
</html>
