3142 4720
61 255 190 319 -281.
445 255 674 321 DEMONS'I'.
697 254 868 320 EVANG.
892 257 951 319 VI.
971 272 1019 340 15.
1238 251 1303 318 565

200 432 390 529 θεωρεῖται,
405 427 515 506 ὀὕτω
534 431 597 524 τῆς
615 434 679 505 τοῦ
698 430 864 528 Σωτῆρος
884 427 983 524 ἡμῶν
1001 421 1343 526 ἐνανθριπτήσεωςῐο

200 554 259 630 καὶ
294 556 359 650 τῆς
395 549 544 654 σαρκὸς,
572 548 596 656 ᾗ
628 548 855 655 ἐπωχήσατο,
884 546 1111 649 δηλουμένης·
1150 550 1302 628 ἐνταῦθα

162 675 239 761 ιςδέ
257 676 290 757 ti
309 677 396 763 Θιὶς
413 681 471 756 καὶ
494 676 595 779 dyene
614 675 833 776 ὠνόμασται.
883 678 949 760 Ὠς
971 673 1042 778 γὰρ
1066 678 1105 755 ἐκ
1131 680 1227 754 Θεοῦ
1254 680 1303 760 εἷς

200 801 411 906 ἀνθρώπους
427 802 494 902 τὴν
511 803 638 910 ἄφιξιν
657 802 920 902 “πεποιημένος,
939 805 998 881 καὶ
1025 804 1073 886 ὡς
1097 798 1143 880 ἂν
1166 804 1205 880 ἐκ
1229 808 1302 880 τῶν

201 928 386 1031 θειοτέρωυ
422 930 561 1034 χωρίων
597 927 845 1032 ἐπιφοιτήσας,
878 926 1020 1029 λέγεται
1057 937 1073 1007 i
1111 927 1197 1012 Θελς
1229 926 1301 1006 cirri

201 1053 368 1159 ιΘιιιμέιι
393 1055 471 1162 ἥξει,
502 1065 560 1135 καὶ
591 1065 606 1136 ὁ
635 1053 736 1157 bivios
763 1056 798 1162 ἐξ
824 1056 909 1163 ipone
939 1057 1143 1144 κατασκίου,
1165 1048 1298 1138 δασέος.

202 1176 292 1258 Εἶτα
320 1180 405 1285 ἑξῆς
431 1181 595 1282 ἐπιλέγει,
614 1176 818 1289 'Eximio
848 1178 992 1285 οὐρανοὺς
1022 1183 1039 1273 vi
1066 1176 1160 1286 ἀρετῆ
1189 1183 1298 1271 αὐτοῦ,
1309 1200 1339 1264 Ρ·
1351 1177 1411 1245 231

203 1315 264 1385 καὶ
286 1304 343 1399 τῆς
361 1304 511 1392 αἰνέσεως
528 1310 627 1386 αὐτοῦ
645 1309 773 1415 πλήρης
792 1311 809 1400 ἦ
826 1305 883 1407 γῆ,
907 1313 966 1385 καὶ
984 1303 1118 1410 φέγγος
1137 1308 1237 1385 αὐτοῦ
1255 1310 1300 1391 ὡς

162 1431 276 1538 odnie
306 1431 412 1513 ἔσται.
470 1434 527 1510 Δι’
546 1429 596 1510 ὧν
623 1434 735 1529 ’ὁμοῦ
763 1431 789 1530 ἥ
815 1465 854 1511 τε
882 1438 930 1514 εὶς
958 1429 1127 1534 οὐρανοὺς
1154 1431 1298 1536 ἔνδοξος

200 1559 309 1638 αὐτοῦ
335 1559 507 1654 βασιλεία
534 1558 784 1660 ’παρίσταται
804 1562 862 1637 καὶ
890 1560 913 1656 ἡ
940 1555 1029 1656 μετὰ
1054 1564 1166 1635 ταῦτα
1191 1589 1322 1657 yson-5

199 1684 287 1784 μέυη
311 1717 350 1763 τε
377 1689 435 1763 καὶ
459 1687 516 1765 ἐπὶ
540 1691 667 1764 πλεῖον
685 1685 905 1786 γενησομένη
930 1689 978 1767 εἰς
1001 1690 1127 1763 πᾶσαν
1145 1682 1211 1781 τὴν
1229 1688 1299 1784 γῆν

200 1815 264 1909 τῆς
284 1813 365 1914 περὶ
387 1814 495 1890 αι’ποῦ
518 1813 752 1894 διδασκαλίας
773 1812 918 1894 α’ίυεσις.
979 1807 1034 1891 Τὸ
1060 1809 1098 1890 δέ
1119 1807 1243 1913 κέρατα
1269 1813 1300 1892 s'v

201 1943 280 2023 ταῖς
298 1950 408 2044 χερσὶν
426 1941 525 2018 αὐτοῦ
542 1943 604 2036 τῆς
622 1938 812 2034 βασιλείας
831 1939 939 2017 αὐτοῦ
960 1934 1006 2016 τὰ
1031 1934 1205 2035 σύμβολα
1231 1940 1295 2036 δη·

203 2073 271 2161 λοζ
305 2067 347 2144 δι’
382 2060 431 2142 ὧν
467 2062 624 2166 κεράτων
660 2061 725 2145 τὰς
756 2063 927 2166 ἀοράτους
963 2066 1022 2143 καὶ
1059 2065 1298 2162 ἀντικειμένας

202 2189 364 2286 δυνάμεις
382 2189 580 2286 ὠθούμενος
599 2192 657 2268 καὶ
675 2188 863 2291 κερατίζωυ
880 2187 1081 2269 ἀπελαύνει.
1121 2190 1297 2271 Ἀκολού-
1311 2225 1341 2260 ¹0

202 2323 274 2399 θως
286 2314 423 2398 τούτοις
436 2316 600 2416 ἐπιλέγει,
614 2319 683 2394 Καὶ
705 2313 786 2395 ἔθετο
806 2316 984 2417 ιἰγιίπησιι
1005 2314 1168 2424 κραταιὰν
1182 2314 1329 2414 ίτχύιςι)

163 2445 313 2530 ιςαὸτιῧ.
374 2446 446 2521 Καὶ
468 2447 532 2540 τῆς
550 2475 593 2543 γε
617 2447 665 2526 εἰς
688 2440 896 2544 ἀνθρώπους
916 2448 1084 2544 κραταιᾶς
1110 2441 1300 2526 διαθέσεως

201 2570 309 2649 αὐτοῦ
327 2572 386 2648 καὶ
409 2567 551 2669 ἀγάπης
570 2573 696 2670 δεῖγμα
713 2568 887 2669 μέγιστον
905 2566 950 2667 ἦν
967 2566 1019 2663 τὸ,
1039 2571 1100 2673 τρὶ
1124 2569 1301 2677 προσώπου

245 2781 256 2813 ⁸
270 2771 353 2846 αὐτῷ]
371 2768 438 2825 οὕτω
452 2771 482 2824 Ρ.
605 2767 617 2810 t
633 2767 738 2840 Κύριος]
755 2769 769 2821 δ
784 2769 850 2824 Ordo
864 2768 893 2823 Ρ.
1031 2777 1047 2809 ⁸
1060 2770 1225 2839 πεποιημένοι
1239 2770 1299 2824 ΕΙ).

204 2851 322 2907 PARIS.
367 2851 410 2906 Sic
425 2851 454 2907 S.
558 2859 571 2886 ¹
586 2849 674 2918 θερδν
687 2848 757 2919 εἴξειν
771 2849 799 2904 S.
906 2851 1000 2918 ῐὸροῦ
1013 2850 1074 2906 odd.
1090 2850 1123 2907 P.
1138 2867 1200 2905 cnm
1214 2849 1298 2905 inter.

203 2941 289 3005 prete.
373 2939 387 2972 ²
400 2927 571 3004 περιίσταται
586 2930 615 2985 S.

205 3101 355 3167 invehitur,
370 3119 458 3175 quum
479 3100 520 3157 sic
540 3098 654 3156 interim
675 3097 831 3156 Salvatoris
852 3099 942 3156 nostri
964 3108 994 3158 et
1014 3101 1139 3158 humens
1158 3110 1304 3177 assumpto

205 3191 315 3246 nutura,
340 3190 370 3238 et
393 3199 495 3256 corpus
518 3198 575 3256 quo
597 3179 678 3253 qussi
695 3178 823 3236 vehiculo
842 3181 982 3246 utebatur,
1008 3182 1182 3240 declaretur:
1205 3191 1235 3240 st
1256 3184 1303 3240 hic

207 3261 288 3319 Deus
305 3270 335 3319 et
354 3270 466 3318 sanctus
485 3260 647 3318 nominatus
668 3268 722 3317 est.
764 3260 911 3335 Tanquam
936 3261 1010 3318 euim
1033 3264 1056 3319 is
1078 3263 1125 3338 qui
1145 3282 1161 3319 a
1180 3262 1245 3321 Deo
1266 3265 1303 3320 ud

206 3341 337 3400 homiues
358 3341 546 3399 descensurus
569 3348 653 3406 esset,
675 3347 705 3397 et
723 3348 857 3415 unquam
880 3342 914 3397 de
937 3342 1121 3400 divinioribus
1143 3343 1213 3400 locis
1237 3361 1302 3418 pro-

206 3421 339 3489 fecturus,
355 3422 457 3479 dicitur
472 3422 551 3480 Deus
563 3422 596 3476 de
611 3421 739 3478 Ήιιυιιιωι
753 3430 891 3484 sentuno,
907 3429 933 3477 et
953 3432 1063 3479 sanctus
1083 3427 1117 3481 de
1136 3431 1226 3480 monte
1245 3443 1303 3481 um-

205 3503 284 3559 broso
298 3505 390 3560 denso.
431 3503 573 3577 Deinceps
587 3501 726 3577 adjungit,
744 3501 887 3576 Conperutt
901 3503 979 3557 εαὶοε
992 3506 1079 3559 virtus
1092 3502 1159 3574 ejus,
1174 3510 1201 3558 et
1216 3503 1304 3559 laudis

205 3581 262 3654 q'ss
278 3583 363 3660 pleno
383 3590 423 3639 est
443 3591 529 3651 terro,
543 3589 571 3638 et
588 3583 718 3656 splendor
734 3581 792 3654 ejus
812 3581 951 3637 etlumen
971 3582 1033 3638 erit.
1075 3582 1186 3651 Quibus
1206 3582 1303 3656 utique

205 3663 300 3720 verbis
318 3663 449 3721 simulet
467 3663 622 3738 gloriosum
643 3663 705 3737 ejus
725 3661 752 3716 iu
775 3660 847 3717 coelo
868 3679 988 3735 regnum
1009 3661 1177 3726 ostenditur,
1193 3671 1221 3719 et
1241 3681 1302 3737 quie

205 3744 323 3818 posthso
344 3743 440 3800 futuru
467 3752 511 3801 est
533 3743 704 3818 longiusque
731 3741 866 3798 durature
889 3750 973 3816 utque
1000 3742 1030 3799 in
1058 3760 1171 3800 omnem
1197 3751 1302 3800 terrum

205 3833 394 3899 penetratura,
418 3823 563 3890 doctrinre,
587 3842 649 3897 quse
673 3822 709 3878 de
733 3821 781 3878 illo
804 3821 904 3888 fertur,
921 3822 1056 3881 laudetio.
1099 3823 1174 3881 lllnd
1197 3835 1302 3891 autern,

208 3905 318 3961 Comus
332 3907 360 3961 in
373 3905 495 3962 ποαίὺιιι
507 3902 576 3976 ejus,
590 3901 671 3980 regni
685 3903 746 3977 ejus
760 3901 884 3978 insignis
897 3911 926 3960 et
939 3911 1023 3960 notes
1037 3905 1186 3980 significet,
1202 3905 1303 3980 quibus

205 3984 338 4042 cornibus
351 3985 506 4042 invisibiles
526 3992 611 4059 utque
632 3985 814 4041 adversantes
835 3992 991 4058 poteststes
1012 3985 1149 4060 repellens
1170 3995 1200 4044 et
1213 3986 1302 4043 victus

206 4064 338 4122 obtinens
351 4065 452 4140 abigit.
494 4065 603 4122 Ordine
616 4065 662 4122 his
676 4062 808 4137 deinceps
822 4064 961 4139 adjungit,
979 4066 1016 4122 Et
1028 4070 1120 4140 ροςιιίε
1132 4067 1303 4124 dilectionem

196 4145 304 4220 furtos
318 4146 422 4202 roboris
435 4149 486 4203 ssi.
529 4145 567 4202 Et
580 4164 648 4203 sone
662 4142 838 4202 vehementis
851 4145 1008 4203 effectionis
1021 4147 1083 4221 ejus
1097 4165 1131 4204 cc
1144 4145 1302 4204 dilectionis

205 4243 275 4300 ergn
288 4225 419 4284 homines
431 4225 567 4283 indic-ium
580 4225 735 4282 maximum
748 4222 841 4290 fuerit,
856 4225 928 4300 qnod
947 4235 1011 4283 unte
1022 4227 1128 4304 sociem
1142 4225 1201 4298 ejus
1215 4228 1301 4282 ἐκοιν-

205 4307 270 4362 serit
283 4307 392 4364 υετὸιιπι
408 4306 487 4373 illud,
502 4305 633 4363 videlicet
654 4305 775 4363 salutare
796 4313 880 4380 utque
901 4307 1105 4381 evangelicum,
1120 4306 1196 4379 quod
1216 4305 1301 4362 etium
