3120 4716
62 267 187 346 -464
470 265 697 332 Dnuousr.
722 266 889 331 avano.
914 266 961 328 x.
982 285 1007 326 1.
1234 264 1298 330 915

198 433 239 511 οὐ
269 430 341 530 μὴν
373 439 431 511 καὶ
461 433 685 536 προγνώσεις
717 432 797 512 οὐδὲ
827 430 1038 531 μελλόντων
1069 431 1299 534 προφητείας,

198 565 303 637 τοῦτο
338 564 483 660 πρῶτον
521 560 757 662 ε’πιτηρητέον,
789 562 837 641 ὡς
871 559 980 659 μυρίοι
1016 557 1218 657 θεσπίζεται
1255 555 1298 632 δι’

198 685 326 782 αὐτῶν,
345 664 369 762 b
390 687 449 764 καὶ
466 684 604 786 μακρὸν
623 683 667 765 ἂν
685 685 738 784 εἴη
757 691 978 786 συναγαγεῖν
996 684 1053 762 έπῖ
1073 689 1137 760 τοῦ
1159 678 1295 781 παρόν·

198 844 268 908 τος,
288 810 447 913 &pectit
473 811 684 916 χρήσασθαι
708 818 756 895 εἰς
781 811 977 914 μαρτυρίαν
1004 816 1068 889 τοῦ
1096 806 1208 908 λόγον
1236 805 1300 884 δύο
1310 841 1340 877 ιο

198 937 385 1035 *Ψαλμοῖς
414 939 728 1040 ἐπιγεγραμμένας
754 937 820 1036 μέν
850 945 914 1016 τοῦ
940 933 1082 1039 Ἀσὰφ,
1109 933 1300 1036 εἰρημένοις

176 1060 239 1141 ιδέ
262 1060 353 1141 κατὰ
377 1060 460 1147 τοὺς
480 1072 545 1143 τοῦ
570 1067 692 1160 Δοβιδ
716 1060 876 1168 χρόνους.
934 1057 990 1140 Τὸ
1016 1067 1206 1160 τηνικαῦτα
1230 1056 1330 1160 γὰρλ

200 1185 249 1270 εἷς
266 1195 339 1266 τῶν
357 1192 586 1294 ἱεροψαλτῶν
604 1192 624 1269 ὁ
644 1188 774 1293 Ἀσᾶφ
788 1186 985 1294 τυγχάνων,
1003 1191 1050 1270 ὡς
1064 1188 1159 1289 έντῇ
1177 1186 1300 1290 βίβλιρ

200 1315 347 1418 φέρεται
383 1321 455 1394 τῶν
494 1315 831 1418 Παραλειπομένων,
862 1312 944 1398 τοὺς
980 1310 1301 1416 ἐπιγεγραμμένους

176 1440 329 1526 statvo&
347 1439 525 1539 Ψαλμοῖς
545 1442 628 1549 θείῳ
649 1441 821 1539 πνεύματι
846 1439 1125 1545 προσεφώνησε.
1184 1437 1236 1517 Τι’
1256 1434 1322 1536 θὴς

199 1567 263 1645 οὖν
287 1567 513 1672 περιέχουσιν
538 1573 571 1647 oi
595 1570 749 1668 Ψαλμοί
761 1602 771 1664 ;
805 1566 1030 1672 Προρρήσεις
1057 1571 1120 1666 τῆς
1147 1575 1297 1666 πυλωρ-

201 1694 284 1777 κίας
302 1697 365 1790 τῆς
386 1697 581 1790 βασιλικῆς
606 1692 749 1778 πόλεως
775 1702 839 1774 τοῦ
860 1695 1041 1774 Ἰουδαίων
1069 1694 1200 1787 ἔθνους,
1225 1690 1301 1789 ἥτις

202 1819 348 1921 γέγονεν
372 1819 478 1921 ε’γγιίς
502 1853 573 1899 που
596 1819 843 1902 πεντακοσίοις
866 1818 961 1898 έτεσι
981 1817 1072 1915 μετὰ
1096 1815 1163 1917 τὴν
1183 1814 1298 1918 πρόρ-

178 1973 320 2100 οριγσιν.
369 1945 474 2045 Λέγει
497 1948 528 2025 δ’
548 1945 610 2025 οὖν
628 1947 648 2024 ὁ
666 1943 934 2044 ἕβδομηκοστῖις
951 1947 1068 2048 τρίτος
1086 1947 1300 2047 ἐπιγεγραμ-
1312 1982 1341 2017 10

200 2072 305 2173 μένος
323 2106 475 2156 συνεσειος
494 2080 541 2178 τῷ
558 2069 691 2178 Ἀσαφ,
716 2071 854 2152 lucri'
835 2073 967 2152 απιίσιο
986 2082 1000 2152 i
1021 2073 1106 2157 Θεος
1125 2079 1171 2157 είς
1189 2070 1298 2160 τέλος,

202 2196 373 2307 ὠργίσθη
359 2237 374 2278 ι
393 2196 493 2303 θυμίς
511 2235 570 2278 σου
590 2199 644 2278 ι’πι
632 2198 828 2350 τρίβοντα
847 2234 943 2303 νιμης
962 2234 1042 2292 σου,
1072 2194 1281 2302 μνήσθητι
1242 2232 1326 2289 τηςο

202 2359 402 2426 συναγωγης
430 2361 501 2416 σου,
528 2362 565 2419 ης
593 2324 719 2418 ἐκτήσω
741 2320 810 2404 ἀπ’
834 2323 953 2480 νῖρχης,
983 2323 1152 2477 ἐλυτροίσρ
1180 2317 1302 2429 ριίβθον

205 2453 420 2557 κληρονομίας
448 2449 673 2559 conopas
701 2449 784 2536 Σιαν
812 2455 916 2542 τοῦτο,
939 2454 955 2533 ‘i
986 2454 1245 2545 corrosivam
1273 2452 1303 2529 ἐν

203 2582 306 2683 αὐτῷ,
324 2576 442 2685 έπαρον
466 2575 529 2662 ricc
549 2573 666 2684 χεῖριίς
688 2613 747 2657 σου
773 2579 829 2658 ἐπὶ
855 2576 919 2664 rior
945 2580 1172 2684 ὑπερηφανίας
1196 2574 1324 2662 αὑτῶνε

244 2733 256 2776 2
269 2739 386 2806 Ψαλμοῖς
400 2733 416 2770 *
431 2735 657 2809 έπιγεγρομρένοις
671 2737 700 2791 δι’
713 2737 777 2791 κατὰ
794 2735 855 2809 τοῦ]
878 2738 996 2803 Ψαλμοῖς
1014 2732 1244 2808 έπιγιγρομμένοις
1256 2734 1304 2800 μέν

202 2819 250 2918 τοῦ
260 2815 345 2950 θσίἕφ,
357 2815 497 2890 ιῖρημένοις
510 2817 538 2872 δέ
552 2818 616 2872 κατὰ
628 2817 690 2873 τοὺς
703 2820 750 2872 τοῦ
765 2818 797 2874 P.
812 2835 875 2872 cum
888 2819 1041 2890 interprete.
1177 2823 1194 2854 ¹¹
1208 2813 1300 2885 αὐτὸν]

203 2919 283 2952 αντου
321 2939 328 2952 .

203 3034 234 3082 et
247 3025 372 3082 carmina
385 3025 547 3101 theologica
567 3028 720 3094 continere,
734 3027 872 3103 praesagia
885 3045 953 3085 vero
974 3033 1023 3084 aut
1039 3026 1075 3083 de
1095 3025 1180 3082 rebus
1200 3023 1303 3081 foturis

203 3105 367 3182 prophetias
387 3125 445 3164 non
463 3107 543 3173 item,
558 3107 679 3182 primum
694 3108 830 3166 illuderit
844 3107 1061 3172 observandum,
1078 3104 1154 3179 quod
1174 3105 1303 3162 innume-

204 3186 303 3243 rabilia
321 3195 388 3244 suat
406 3205 468 3261 quae
489 3188 519 3245 in
539 3188 594 3244 illia
614 3188 709 3245 fultura
729 3196 878 3254 canuntur,
894 3207 956 3262 qum
970 3187 1082 3262 quidem
1097 3186 1214 3262 longum
1229 3194 1304 3242 esset

205 3266 235 3322 in
249 3267 400 3340 praesentia
414 3267 556 3343 colligere,
572 3269 622 3326 sed
636 3270 705 3325 satis
717 3267 803 3325 fuerit
816 3269 852 3326 ad
865 3269 982 3343 hujusce
1000 3267 1139 3342 propositi
1153 3267 1302 3323 conflrma-

205 3347 312 3403 tionem
339 3348 449 3404 duobus
469 3367 545 3405 nunc
566 3348 608 3405 uti
629 3349 757 3413 Psalmis,
779 3349 827 3423 qui
850 3348 904 3422 ipsi
926 3347 1039 3422 quidem
1057 3346 1156 3421 Asapb
1176 3345 1305 3420 inscripti

205 3435 279 3494 aunt,
294 3427 363 3484 dicti
375 3447 443 3485 vero
457 3429 544 3503 ipsius
553 3429 645 3486 David
655 3427 838 3503 temporibus,
850 3437 918 3485 tunc
932 3427 1007 3484 enim
1022 3445 1108 3500 quum
1120 3425 1216 3500 Asaph
1231 3443 1304 3482 unus

204 3515 281 3563 esset
301 3526 337 3563 ex
355 3507 390 3564 iis
403 3508 471 3565 viris
492 3510 597 3565 sanctis
618 3509 666 3583 qui
685 3507 811 3576 Psalmos
832 3508 980 3572 canebant,
1000 3515 1033 3563 ut
1053 3507 1187 3580 scripturo
1209 3513 1254 3561 eat
1273 3505 1304 3561 in

204 3587 277 3643 libro
302 3587 349 3661 qui
370 3588 603 3663 Paralipomenon
624 3589 794 3652 inscribitur,
819 3587 946 3645 Psalmos
970 3588 1018 3661 qui
1045 3585 1086 3642 illi
1112 3585 1304 3642 attribuuntur
1347 3607 1356 3635 1
1407 3623 1412 3636 .
1446 3625 1453 3642 .

205 3666 301 3722 divino
322 3668 432 3724 afflatus
455 3668 555 3742 spiritu
572 3669 739 3726 enuntiavit.
781 3668 858 3737 Quid
879 3668 967 3742 igitur
988 3665 1182 3742 hujuscemodi
1199 3664 1304 3721 Psalmi

205 3747 375 3804 continent?
407 3748 551 3805 Nimirum
580 3749 720 3814 vaticinia,
749 3750 848 3824 quibus
875 3748 1040 3805 Jodaeorum
1068 3746 1154 3820 regias
1182 3744 1304 3802 civitatis

205 3827 327 3883 vmtatio
347 3828 518 3902 praedicitur,
533 3847 595 3903 quae
609 3830 730 3887 vastatio
747 3829 857 3886 Judaeis
876 3827 978 3885 accidit
995 3845 1070 3884 anno
1091 3825 1203 3882 circiter
1222 3825 1304 3899 quin·

206 3907 367 3981 gentcsimo
387 3915 453 3982 post
471 3909 610 3984 ejusmodi
623 3909 797 3967 vaticinium.
841 3909 919 3984 Ergo
935 3908 1064 3964 Psalmus
1077 3906 1305 3980 septuagesimus
1377 3946 1382 3959 ·
1417 3947 1423 3967 .
1448 3945 1453 3958 .

207 3987 317 4050 tertius,
331 3987 380 4062 qui
397 3989 551 4047 intellectus
564 3991 663 4063 Asapb
675 3989 847 4056 inscribitur,
861 3989 901 4044 ita
919 3987 1014 4051 habet,
1031 3987 1068 4043 Ut
1082 3988 1148 4060 quid
1163 3985 1243 4042 Deus
1263 4005 1304 4042 re-

199 4067 300 4139 pulisti
313 4070 342 4122 ia
354 4071 467 4139 finem?
488 4072 574 4126 iratus
587 4077 626 4126 est
637 4069 725 4144 furor
739 4077 802 4125 tuus
815 4085 894 4142 super
907 4086 968 4123 oves
980 4085 1089 4141 puscuoe
1104 4066 1184 4122 tuae?
1205 4083 1306 4122 memor

205 4153 262 4202 esto
286 4150 503 4224 οοαηταηοῑίοπίς
528 4155 588 4212 tuae,
608 4167 689 4221 quam
708 4150 853 4222 possedisti
876 4147 911 4203 ab
934 4147 1022 4212 initio,
1044 4146 1178 4203 redetairti
1201 4149 1305 4220 uirgam

207 4225 371 4284 hereditatis
392 4236 453 4296 tue,
469 4247 545 4286 mons
558 4229 626 4285 Sion
642 4229 694 4296 bic,
710 4232 805 4300 inquo
825 4227 953 4284 habitasti
967 4227 994 4282 ιἰι
1010 4244 1049 4292 eo,
1065 4229 1124 4282 teca
1139 4243 1232 4282 ιιιοιιιιι
1247 4233 1306 4281 tuus

208 4309 235 4360 ia
248 4306 388 4380 superbias
401 4326 492 4366 eorum
508 4311 534 4365 in
549 4310 644 4383 finem,
660 4315 763 4382 quanta
778 4309 943 4381 mabguotus
958 4316 998 4364 ert
1016 4308 1136 4362 inimicus
1157 4309 1185 4360 in
1206 4306 1306 4360 sanctis

735 4421 819 4474 312
