3132 4714
73 253 201 323 —327.
467 241 696 310 DEMONST.
720 245 891 312 EVANG.
921 246 977 310 vl.
997 267 1023 310 1.
1250 247 1314 314 653

212 437 275 505 ρος
302 405 403 505 ἡμῶν
427 411 630 512 παρουσίαν
650 410 755 495 τέλος
783 409 958 517 εἰληφότα
985 412 1168 510 δείκνυται,
1191 410 1249 492 διαί
1275 443 1338 495 τες

211 537 286 610 τῶν
303 534 471 640 ἐμφανῶς
483 537 674 638 εἰρημένων
687 536 780 617 κατὰ
796 539 988 622 Ἰουδαίους
1005 537 1238 641 πραγμάτων,
1255 542 1314 618 καί

171 656 271 743 νῐδιιί
298 661 363 757 τῆς
389 659 434 766 ἐξ
458 663 570 742 ἐθνῶν
596 666 802 762 ἐκκλησίας.
862 669 906 744 Εἰ
932 663 997 764 μέν
1021 663 1094 767 γάρ
1112 663 1224 764 ’μετὰ
1249 663 1315 766 τὴν

213 787 417 886 παρουσίαν
446 796 510 867 τοῦ
539 793 706 892 Σωτῆρος
738 793 849 892 ἡμῶν,
882 794 990 872 αὐτοῦ
1023 790 1067 892 δὴ
1096 793 1219 891 Ἰησοῦ
1250 802 1315 874 τοῦ

212 914 389 1012 Χριστοῦ,
407 913 457 1012 μς)
475 911 656 994 1’πέπαυτο
678 915 942 1016 βασιλευομένη
968 918 990 1016 ἡ
1014 923 1086 998 τῶν
1106 927 1311 1018 Δαμασκη-

127 1053 134 1064 “
212 1043 284 1115 νῶν
301 1038 395 1143 ἁρχὴ
420 1043 478 1120 καί
502 1047 576 1120 τῶν
592 1044 783 1140 Ἰουδαίων,
804 1046 863 1123 καί
890 1049 920 1124 εἰ
945 1043 995 1143 μὴ
1023 1046 1061 1124 ἐν
1078 1043 1213 1150 ὄψεσιν
1231 1046 1314 1144 ἡμῖν
1325 1081 1354 1116 ιο

212 1163 331 1247 αύτσῖς
349 1173 431 1245 ονῦν
449 1171 626 1269 θεωρεῖται
653 1169 954 1271 καταλελειμμένη
981 1172 1037 1250 ὑπ’
1058 1172 1175 1251 αι’πῶν
1203 1172 1225 1271 ἡ
1253 1175 1313 1272 γη,

212 1294 270 1370 καί
293 1293 350 1370 ὑπ’
369 1294 481 1374 ἐθνῶν
505 1295 731 1400 ἀλλοφύλων
754 1301 813 1378 καὶ
836 1302 1107 1399 εἰδωλολατρῶν
1125 1304 1341 1378 κατοικου-Ι)

210 1417 310 1517 μένη·
340 1423 399 1498 καί
426 1420 517 1522 πρὸς
544 1421 681 1508 τούτοις
708 1429 738 1503 εἰ
766 1423 816 1524 μὴ
844 1423 990 1526 γε’γονεν
1020 1429 1068 1506 εἰς
1097 1424 1231 1527 χέρσον
1254 1426 1312 1503 καὶ

212 1542 371 1624 ἄκανθαν
387 1553 493 1627 πᾶσα
513 1547 536 1646 ἡ
562 1547 676 1629 πάλαι
694 1548 897 1650 σεμνοτάτη
925 1549 1033 1628 αὐτοῦ
1061 1546 1104 1647 δὴ
1128 1556 1192 1627 τοῦ
1219 1552 1313 1649 ἱεροῦ

212 1671 328 1751 αύτοίν
355 1671 581 1774 ἁγιάσματος
606 1673 690 1779 ὥρα,
710 1679 768 1756 καί
796 1682 825 1756 εἰ
852 1675 903 1775 μὴ
932 1673 1191 1777 εἰδωλολάτραι
1218 1671 1334 1754 dxci-⁵

213 1805 337 1902 θαρτοι
355 1801 491 1904 ἄνδρες,
510 1803 547 1882 οἰ
567 1839 606 1884 τε
630 1802 795 1902 πολέμιοι
819 1805 936 1883 αὐτῶν
954 1801 1065 1903 ἀμετοί
1090 1799 1223 1896 βέλους
1251 1803 1309 1882 καί

213 1926 429 2033 τοξεύματος
447 1929 665 2028 ἐπελθόντες,
681 1932 738 2011 ὑπ’
754 1933 863 2012 αὐτοῦ
881 1965 924 2032 γε
941 1938 1005 2010 τοῦ
1025 1932 1159 2034 Κυρίου
1176 1964 1311 2033 παρορ-

210 2053 379 2153 μηθέντες
396 2058 434 2135 ἐκ
451 2061 515 2156 τῆς
533 2060 746 2157 ἀλλοδαπῆς
758 2056 991 2157 ἐληλύθασιν,
1005 2055 1254 2138 ἀνεπαύσαντό
1272 2091 1312 2137 τε

210 2182 248 2260 ἐν
282 2188 359 2265 ταῖς
395 2183 527 2286 χαίραις
558 2185 676 2264 αὐτῶν
706 2181 825 2264 πάντα
857 2183 969 2264 τύπον
1002 2186 1060 2263 καί
1091 2183 1216 2267 πάσας
1246 2183 1352 2269 raico

208 2306 331 2393 πόλεις
355 2310 473 2388 αύτῶν
491 2309 804 2410 ἰδιοποιησάμενοι·
835 2313 892 2392 καί
919 2310 1083 2409 ἔμπαλιν,
1103 2315 1132 2390 εἰ
1158 2308 1208 2409 μὴ
1237 2309 1335 2391 ἁπδιι

208 2436 343 2540 χέρσου
374 2440 432 2515 καὶ
463 2434 620 2538 ἀκάνθης
645 2442 709 2536 τῆς
737 2441 822 2541 πρὶν
844 2438 1043 2541 ἀγεωργίας
1070 2434 1130 2517 διὰ
1156 2441 1220 2536 τῆς
1245 2447 1310 2518 τοῦ

209 2565 376 2664 Σωτῆρος
395 2563 496 2662 ἡμων
513 2565 748 2649 διδασκαλίας
765 2561 1038 2663 ομεταβαλόντα
1055 2561 1175 2643 πάντα
1192 2559 1239 2643 τὰ
1262 2569 1310 2647 εἰς

209 2686 317 2767 αὐτὸν
343 2687 605 2770 πεπιστευκότα
637 2690 721 2789 ε”θνη
748 2689 814 2789 τὴν
841 2691 974 2788 εύσεβῆ
1006 2691 1066 2768 καί
1096 2687 1188 2768 κατὰ
1216 2688 1311 2768 Θεὸν

249 2874 265 2906 ⁸
278 2866 354 2939 κατδ]
369 2868 434 2936 μετδ
448 2868 480 2922 P.
629 2866 798 2941 balmon]
814 2870 930 2925 πέπαυτο
945 2869 976 2924 Ρ.
1126 2876 1140 2908 ⁰
1153 2869 1183 2921 νῦ
1198 2866 1211 2940 ]
1228 2867 1263 2936 με)
1278 2867 1308 2922 Ρ.

207 2941 312 3020 dmi]
328 2949 394 3016 μετὰ
405 2948 436 3002 Ρ.
519 2956 532 2988 ⁸
546 2950 744 3017 μεταβάλλοντα
758 2949 789 3004 Ρ.

209 3102 298 3158 nostri
321 3103 476 3160 adventum
497 3105 584 3160 finem
605 3104 747 3179 accepisse
768 3104 1006 3171 demonstrantur,
1029 3113 1089 3162 tum
1112 3123 1148 3162 ex
1170 3103 1204 3160 iis
1224 3105 1309 3161 rebus

208 3201 269 3256 quse
284 3181 366 3256 plane
380 3184 416 3239 de
429 3183 537 3240 Judreis
551 3183 634 3242 tlictae
648 3194 724 3251 sunt,
739 3194 800 3242 tum
814 3205 851 3243 ex
872 3185 932 3262 ipsa
953 3205 1014 3260 qnae
1036 3185 1071 3242 de
1093 3185 1227 3260 gentibus
1249 3185 1307 3242 col-

206 3261 281 3319 lecta
302 3271 349 3320 est
370 3263 507 3322 ecclesia:
530 3283 595 3322 nam
615 3266 639 3322 si
661 3273 726 3340 post
747 3267 900 3323 advemmn
919 3265 1075 3324 Salvatoris
1095 3266 1195 3330 nostri,
1217 3265 1308 3342 ipsius

207 3341 320 3417 inquam
335 3345 406 3401 Jcsa
425 3345 543 3410 Christi,
563 3364 684 3420 regnum
705 3365 738 3403 sc
757 3347 932 3421 principatus
952 3346 1027 3420 apud
1043 3345 1160 3402 Judaeos
1180 3355 1210 3403 et
1232 3344 1306 3420 apud

208 3421 404 3482 Damascenos
425 3443 488 3484 csse
509 3445 567 3484 non
588 3427 727 3492 desiisset,
753 3435 783 3484 et
803 3427 857 3483 nisi
878 3435 943 3483 ante
967 3427 1064 3482 oculos
1085 3433 1199 3482 nostros
1223 3425 1305 3480 nobis

207 3501 273 3577 ipsis
287 3505 390 3563 intueri
404 3506 503 3564 liceret
515 3507 642 3564 relictam
657 3506 692 3564 ab
707 3507 761 3564 illis
775 3515 890 3574 terram,
905 3514 935 3563 et
948 3505 983 3562 ab
998 3505 1122 3562 externis
1136 3523 1169 3560 ac
1188 3503 1303 3560 simula-

206 3583 339 3642 chrorum
354 3587 516 3644 cultricibus
530 3587 691 3644 nationibus
704 3586 870 3650 habitatam,
885 3593 1030 3660 praterea,
1046 3583 1069 3640 si
1083 3603 1141 3640 nou
1155 3583 1183 3639 in
1199 3591 1303 3640 terram

206 3663 341 3722 incultam
360 3675 390 3724 et
408 3668 518 3742 spinam
540 3687 624 3725 omne
646 3669 833 3743 quodcunque
853 3665 921 3722 olim
942 3664 1210 3722 venerabilissimum
1231 3663 1303 3720 sacri

206 3746 280 3819 apud
305 3746 369 3804 illos
393 3749 547 3806 sanctuarii
574 3749 660 3806 decus
684 3747 842 3805 habebatur
864 3752 1068 3806 commutatum
1090 3753 1175 3809 esset,
1198 3753 1228 3801 et
1249 3743 1303 3800 nisi

206 3825 330 3884 cultores
360 3828 605 3898 simulachrorum,
628 3828 811 3905 impurissimi
840 3827 981 3893 homines,
1010 3825 1178 3900 illorumque
1206 3825 1304 3882 hostes

206 3923 269 3963 cum
285 3908 391 3982 sagitta
409 3919 438 3967 et
452 3927 519 3967 arcu
539 3909 715 3976 invadentes,
731 3917 760 3966 et
779 3908 814 3966 ab
835 3909 897 3984 ipso
918 3907 1043 3965 Domino
1063 3906 1176 3981 impulsi
1198 3907 1233 3964 ab
1254 3924 1304 3962 ex-

206 3987 295 4043 ternis
308 3989 473 4064 regionibus
486 3989 640 4056 venissent,
655 4001 684 4048 et
697 3990 726 4045 in
740 3990 866 4064 ipsorum
883 3989 967 4046 terris
981 3988 1161 4062 quievissent,
1176 4005 1304 4044 omnem·

206 4085 261 4141 qne
284 4069 377 4126 locum
400 4088 571 4146 omnemque
596 4071 738 4128 civitatem
761 4071 886 4144 ipsorum
911 4076 1116 4143 occupassent:
1146 4079 1175 4125 et
1199 4086 1305 4134 rursus,

206 4147 260 4204 nisi
274 4167 292 4204 a
305 4158 381 4206 terra
399 4151 506 4208 inculta
519 4159 549 4208 et
563 4151 644 4225 spina
662 4159 692 4208 et
710 4150 746 4206 ab
767 4168 801 4206 ea
822 4168 883 4223 quse
905 4149 982 4224 prius
1003 4157 1064 4205 erat
1083 4148 1194 4206 colendi
1215 4149 1305 4222 negli-

206 4228 304 4304 gentia
332 4249 381 4303 per
406 4229 563 4289 Salvatoris
585 4231 676 4288 nostri
705 4229 862 4287 doctrinam
890 4237 1072 4287 commutatae
1099 4247 1207 4294 omnes,
1231 4247 1306 4302 qure-

205 4326 316 4384 cunque
335 4311 364 4366 in
385 4311 478 4385 ipsum
499 4311 691 4376 crediderunt,
706 4318 808 4385 gentes
821 4309 984 4386 religiosam
999 4318 1028 4367 et
1044 4310 1199 4365 secundum
1214 4307 1308 4364 Deum
