<?xml version="1.0" encoding="UTF-8"?>
<!DOCTYPE html PUBLIC "-//W3C//DTD XHTML 1.0 Transitional//EN"
    "http://www.w3.org/TR/xhtml1/DTD/xhtml1-transitional.dtd">
<html xmlns="http://www.w3.org/1999/xhtml" xml:lang="en" lang="en">
 <head>
  <title>
</title>
<meta http-equiv="Content-Type" content="text/html;charset=utf-8" />
  <meta name='ocr-system' content='tesseract 3.04.00' />
  <meta name='ocr-capabilities' content='ocr_page ocr_carea ocr_par ocr_line ocrx_word'/>
</head>
<body>
  <div class='ocr_page' id='page_1' title='image "./evangelicaedemo00donagoog/evangelicaedemo00donagoog_0236.png"; bbox 0 0 3130 4722; ppageno 0'>
   <div class='ocr_carea' id='block_1_1' title="bbox 60 282 1304 367">
    <p class='ocr_par' dir='ltr' id='par_1_1' title="bbox 60 282 1304 367">
     <span class='ocr_line' id='line_1_1' title="bbox 60 282 1304 367; baseline 0.018 -35"><span class='ocrx_word' id='word_1_1' title='bbox 60 299 191 367; x_wconf 53' lang='lat'><strong>,375</strong></span> <span class='ocrx_word' id='word_1_2' title='bbox 430 284 654 350; x_wconf 79' lang='lat' dir='ltr'><strong>nauousu.</strong></span> <span class='ocrx_word' id='word_1_3' title='bbox 679 282 848 350; x_wconf 75' lang='lat' dir='ltr'><strong>avaro.</strong></span> <span class='ocrx_word' id='word_1_4' title='bbox 873 286 975 350; x_wconf 73' lang='grc' dir='ltr'>ναι.</span> <span class='ocrx_word' id='word_1_5' title='bbox 997 307 1023 351; x_wconf 86' lang='lat'><strong>1.</strong></span> <span class='ocrx_word' id='word_1_6' title='bbox 1241 287 1304 355; x_wconf 72' lang='grc' dir='ltr'><strong>τις</strong></span> 
     </span>
    </p>
   </div>
   <div class='ocr_carea' id='block_1_2' title="bbox 163 446 1344 2197">
    <p class='ocr_par' dir='ltr' id='par_1_2' title="bbox 163 446 1344 2197">
     <span class='ocr_line' id='line_1_2' title="bbox 202 446 1328 554; baseline -0.001 -30"><span class='ocrx_word' id='word_1_7' title='bbox 202 454 267 526; x_wconf 88' lang='grc' dir='ltr'><strong>τοῦ</strong></span> <span class='ocrx_word' id='word_1_8' title='bbox 287 450 452 547; x_wconf 52' lang='lat' dir='ltr'><strong>{oripo</strong></span> <span class='ocrx_word' id='word_1_9' title='bbox 469 447 570 547; x_wconf 77' lang='grc' dir='ltr'>ἡμῶν</span> <span class='ocrx_word' id='word_1_10' title='bbox 584 448 770 554; x_wconf 77' lang='grc' dir='ltr'>ἐπιφανείᾳ</span> <span class='ocrx_word' id='word_1_11' title='bbox 782 453 1055 549; x_wconf 82' lang='grc' dir='ltr'>πεπληρῶσθαι,</span> <span class='ocrx_word' id='word_1_12' title='bbox 1067 446 1125 527; x_wconf 81' lang='grc' dir='ltr'>ὅτε</span> <span class='ocrx_word' id='word_1_13' title='bbox 1142 453 1174 526; x_wconf 89' lang='grc' dir='ltr'><strong>οἰ</strong></span> <span class='ocrx_word' id='word_1_14' title='bbox 1188 446 1328 527; x_wconf 81' lang='grc' dir='ltr'>πάλαιο</span> 
     </span>
     <span class='ocr_line' id='line_1_3' title="bbox 203 573 1304 679; baseline -0.001 -26"><span class='ocrx_word' id='word_1_15' title='bbox 203 573 275 676; x_wconf 82' lang='grc' dir='ltr'><strong>πρὸ</strong></span> <span class='ocrx_word' id='word_1_16' title='bbox 307 579 371 674; x_wconf 84' lang='grc' dir='ltr'>τῆς</span> <span class='ocrx_word' id='word_1_17' title='bbox 403 583 467 654; x_wconf 87' lang='grc' dir='ltr'><strong>τοῦ</strong></span> <span class='ocrx_word' id='word_1_18' title='bbox 497 580 662 676; x_wconf 84' lang='grc' dir='ltr'>Χριστοῦ</span> <span class='ocrx_word' id='word_1_19' title='bbox 694 576 867 675; x_wconf 84' lang='grc' dir='ltr'>γενέσεως</span> <span class='ocrx_word' id='word_1_20' title='bbox 899 577 951 654; x_wconf 84' lang='grc' dir='ltr'><strong>ἐπ’</strong></span> <span class='ocrx_word' id='word_1_21' title='bbox 982 577 1118 658; x_wconf 79' lang='grc' dir='ltr'>οἰκείοις</span> <span class='ocrx_word' id='word_1_22' title='bbox 1150 574 1304 679; x_wconf 72' lang='grc' dir='ltr'>ἄρχουσι</span> 
     </span>
     <span class='ocr_line' id='line_1_4' title="bbox 205 699 1305 804; baseline 0.001 -26"><span class='ocrx_word' id='word_1_23' title='bbox 205 705 262 780; x_wconf 85' lang='grc' dir='ltr'>καὶ</span> <span class='ocrx_word' id='word_1_24' title='bbox 287 702 492 804; x_wconf 84' lang='grc' dir='ltr'>ἡγουμένοις</span> <span class='ocrx_word' id='word_1_25' title='bbox 516 704 574 781; x_wconf 85' lang='grc' dir='ltr'>καί</span> <span class='ocrx_word' id='word_1_26' title='bbox 600 708 761 784; x_wconf 87' lang='grc' dir='ltr'>συνετοῖς</span> <span class='ocrx_word' id='word_1_27' title='bbox 782 708 854 782; x_wconf 83' lang='grc' dir='ltr'><strong>τῶν</strong></span> <span class='ocrx_word' id='word_1_28' title='bbox 881 702 984 781; x_wconf 83' lang='grc' dir='ltr'>θείων</span> <span class='ocrx_word' id='word_1_29' title='bbox 1011 699 1305 801; x_wconf 77' lang='grc' dir='ltr'>ἀναγνωσμάτων</span> 
     </span>
     <span class='ocr_line' id='line_1_5' title="bbox 204 828 1327 932; baseline 0.002 -27"><span class='ocrx_word' id='word_1_30' title='bbox 204 828 392 929; x_wconf 74' lang='grc' dir='ltr'>ἀκροαταῖς</span> <span class='ocrx_word' id='word_1_31' title='bbox 408 828 610 924; x_wconf 85' lang='grc' dir='ltr'>βασιλεῦσί</span> <span class='ocrx_word' id='word_1_32' title='bbox 628 860 667 906; x_wconf 85' lang='grc' dir='ltr'>τε</span> <span class='ocrx_word' id='word_1_33' title='bbox 695 830 793 912; x_wconf 91' lang='grc' dir='ltr'>ἰδίοις</span> <span class='ocrx_word' id='word_1_34' title='bbox 816 829 875 907; x_wconf 88' lang='grc' dir='ltr'>καί</span> <span class='ocrx_word' id='word_1_35' title='bbox 901 830 1102 932; x_wconf 78' lang='grc' dir='ltr'>ἀρχιερεῦσι</span> <span class='ocrx_word' id='word_1_36' title='bbox 1128 829 1187 907; x_wconf 86' lang='grc' dir='ltr'>καὶ</span> <span class='ocrx_word' id='word_1_37' title='bbox 1211 857 1327 930; x_wconf 78' lang='grc' dir='ltr'>προ-ε</span> 
     </span>
     <span class='ocr_line' id='line_1_6' title="bbox 204 951 1304 1058; baseline 0.001 -27"><span class='ocrx_word' id='word_1_38' title='bbox 204 955 334 1057; x_wconf 80' lang='grc' dir='ltr'>φηταις</span> <span class='ocrx_word' id='word_1_39' title='bbox 370 951 669 1055; x_wconf 85' lang='grc' dir='ltr'>λαμπρυνόμενοι,</span> <span class='ocrx_word' id='word_1_40' title='bbox 699 952 789 1052; x_wconf 80' lang='grc' dir='ltr'>αὐτή</span> <span class='ocrx_word' id='word_1_41' title='bbox 825 988 864 1033; x_wconf 90' lang='grc' dir='ltr'>τε</span> <span class='ocrx_word' id='word_1_42' title='bbox 902 953 925 1052; x_wconf 85' lang='grc' dir='ltr'><strong><em>ἡ</em></strong></span> <span class='ocrx_word' id='word_1_43' title='bbox 961 962 1025 1033; x_wconf 91' lang='grc' dir='ltr'><strong>τοῦ</strong></span> <span class='ocrx_word' id='word_1_44' title='bbox 1053 951 1172 1032; x_wconf 79' lang='grc' dir='ltr'>Ἰούδα</span> <span class='ocrx_word' id='word_1_45' title='bbox 1204 952 1304 1058; x_wconf 83' lang='grc' dir='ltr'>φυλὴ</span> 
     </span>
     <span class='ocr_line' id='line_1_7' title="bbox 203 1077 1304 1183; baseline 0 -25"><span class='ocrx_word' id='word_1_46' title='bbox 203 1077 378 1178; x_wconf 74' lang='grc' dir='ltr'>βασιλικὴ</span> <span class='ocrx_word' id='word_1_47' title='bbox 396 1080 499 1176; x_wconf 83' lang='grc' dir='ltr'>οῦσα,</span> <span class='ocrx_word' id='word_1_48' title='bbox 518 1086 590 1158; x_wconf 89' lang='grc' dir='ltr'><strong>τῶν</strong></span> <span class='ocrx_word' id='word_1_49' title='bbox 607 1083 744 1183; x_wconf 84' lang='grc' dir='ltr'>ἐχθρῶν</span> <span class='ocrx_word' id='word_1_50' title='bbox 764 1083 822 1159; x_wconf 85' lang='grc' dir='ltr'>καί</span> <span class='ocrx_word' id='word_1_51' title='bbox 845 1082 1029 1179; x_wconf 90' lang='grc' dir='ltr'>πολεμίων</span> <span class='ocrx_word' id='word_1_52' title='bbox 1054 1083 1304 1182; x_wconf 88' lang='grc' dir='ltr'>ἐπικρατοῦσα,</span> 
     </span>
     <span class='ocr_line' id='line_1_8' title="bbox 204 1203 1303 1310; baseline 0.001 -27"><span class='ocrx_word' id='word_1_53' title='bbox 204 1203 436 1310; x_wconf 88' lang='grc' dir='ltr'>κατάρχουσοί</span> <span class='ocrx_word' id='word_1_54' title='bbox 464 1240 502 1285; x_wconf 90' lang='grc' dir='ltr'>τε</span> <span class='ocrx_word' id='word_1_55' title='bbox 532 1209 590 1286; x_wconf 84' lang='grc' dir='ltr'>καὶ</span> <span class='ocrx_word' id='word_1_56' title='bbox 617 1207 795 1308; x_wconf 81' lang='grc' dir='ltr'>ἡγουμένη</span> <span class='ocrx_word' id='word_1_57' title='bbox 822 1215 886 1287; x_wconf 90' lang='grc' dir='ltr'><strong>τοῦ</strong></span> <span class='ocrx_word' id='word_1_58' title='bbox 913 1206 1047 1291; x_wconf 79' lang='grc' dir='ltr'>παντὸς</span> <span class='ocrx_word' id='word_1_59' title='bbox 1075 1206 1207 1304; x_wconf 79' lang='grc' dir='ltr'>ἔθνους,</span> <span class='ocrx_word' id='word_1_60' title='bbox 1232 1207 1303 1286; x_wconf 88' lang='grc' dir='ltr'>οἰτε</span> 
     </span>
     <span class='ocr_line' id='line_1_9' title="bbox 204 1329 1344 1437; baseline -0.002 -27"><span class='ocrx_word' id='word_1_61' title='bbox 204 1334 243 1410; x_wconf 87' lang='grc' dir='ltr'><strong>ἐν</strong></span> <span class='ocrx_word' id='word_1_62' title='bbox 270 1334 387 1415; x_wconf 82' lang='grc' dir='ltr'>αὐτοῖς</span> <span class='ocrx_word' id='word_1_63' title='bbox 414 1329 529 1411; x_wconf 78' lang='grc' dir='ltr'>πάλαι</span> <span class='ocrx_word' id='word_1_64' title='bbox 554 1331 805 1434; x_wconf 71' lang='grc' dir='ltr'>διαπρέποντες</span> <span class='ocrx_word' id='word_1_65' title='bbox 832 1332 876 1437; x_wconf 84' lang='grc' dir='ltr'><strong>ἐξ</strong></span> <span class='ocrx_word' id='word_1_66' title='bbox 897 1333 1028 1410; x_wconf 90' lang='grc' dir='ltr'>ἐκείνου</span> <span class='ocrx_word' id='word_1_67' title='bbox 1047 1333 1105 1409; x_wconf 91' lang='grc' dir='ltr'>καί</span> <span class='ocrx_word' id='word_1_68' title='bbox 1128 1336 1177 1414; x_wconf 92' lang='grc' dir='ltr'><strong>εἰς</strong></span> <span class='ocrx_word' id='word_1_69' title='bbox 1200 1334 1260 1410; x_wconf 88' lang='grc' dir='ltr'>δεῦ</span> <span class='ocrx_word' id='word_1_70' title='bbox 1314 1368 1344 1402; x_wconf 83' lang='grc' dir='ltr'><strong>ιο</strong></span> 
     </span>
     <span class='ocr_line' id='line_1_10' title="bbox 204 1454 1304 1561; baseline 0.004 -26"><span class='ocrx_word' id='word_1_71' title='bbox 204 1457 390 1556; x_wconf 89' lang='grc' dir='ltr'>Ῥωμαίοις</span> <span class='ocrx_word' id='word_1_72' title='bbox 403 1459 586 1540; x_wconf 82' lang='grc' dir='ltr'>ὑποτελεῖς</span> <span class='ocrx_word' id='word_1_73' title='bbox 597 1455 882 1556; x_wconf 69' lang='grc' dir='ltr'>καθεστήκασιν,</span> <span class='ocrx_word' id='word_1_74' title='bbox 898 1454 1087 1561; x_wconf 81' lang='grc' dir='ltr'>Ἐπεφάνη</span> <span class='ocrx_word' id='word_1_75' title='bbox 1096 1454 1168 1558; x_wconf 81' lang='grc' dir='ltr'><strong>γὰρ</strong></span> <span class='ocrx_word' id='word_1_76' title='bbox 1173 1459 1304 1561; x_wconf 84' lang='grc' dir='ltr'>σαφῶς</span> 
     </span>
     <span class='ocr_line' id='line_1_11' title="bbox 205 1579 1335 1690; baseline -0.001 -30"><span class='ocrx_word' id='word_1_77' title='bbox 205 1579 406 1685; x_wconf 82' lang='grc' dir='ltr'>ὁΧριστῦς</span> <span class='ocrx_word' id='word_1_78' title='bbox 423 1591 487 1661; x_wconf 87' lang='grc' dir='ltr'><strong>τοῦ</strong></span> <span class='ocrx_word' id='word_1_79' title='bbox 512 1587 619 1679; x_wconf 86' lang='grc' dir='ltr'>Θεοῦ,</span> <span class='ocrx_word' id='word_1_80' title='bbox 638 1584 696 1662; x_wconf 92' lang='grc' dir='ltr'>καί</span> <span class='ocrx_word' id='word_1_81' title='bbox 721 1584 765 1689; x_wconf 79' lang='grc' dir='ltr'><strong>ἐξ</strong></span> <span class='ocrx_word' id='word_1_82' title='bbox 786 1581 917 1663; x_wconf 86' lang='grc' dir='ltr'>ἐκείνου</span> <span class='ocrx_word' id='word_1_83' title='bbox 941 1583 964 1680; x_wconf 85' lang='grc' dir='ltr'><strong><em>ἡ</em></strong></span> <span class='ocrx_word' id='word_1_84' title='bbox 990 1581 1166 1684; x_wconf 84' lang='grc' dir='ltr'>λεγομένη</span> <span class='ocrx_word' id='word_1_85' title='bbox 1193 1595 1335 1690; x_wconf 79' lang='grc' dir='ltr'>προσ-ἀ</span> 
     </span>
     <span class='ocr_line' id='line_1_12' title="bbox 163 1704 1301 1810; baseline -0.004 -18"><span class='ocrx_word' id='word_1_86' title='bbox 163 1704 304 1792; x_wconf 63' lang='lat' dir='ltr'><strong>udonis</strong></span> <span class='ocrx_word' id='word_1_87' title='bbox 328 1707 388 1788; x_wconf 83' lang='grc' dir='ltr'><strong>τῦν</strong></span> <span class='ocrx_word' id='word_1_88' title='bbox 410 1707 497 1789; x_wconf 77' lang='grc' dir='ltr'>ἑθιῦν</span> <span class='ocrx_word' id='word_1_89' title='bbox 515 1714 564 1794; x_wconf 89' lang='grc' dir='ltr'><strong>εἰς</strong></span> <span class='ocrx_word' id='word_1_90' title='bbox 581 1708 700 1789; x_wconf 82' lang='grc' dir='ltr'>πάντα</span> <span class='ocrx_word' id='word_1_91' title='bbox 724 1707 771 1788; x_wconf 84' lang='lat' dir='ltr'><strong>roi</strong></span> <span class='ocrx_word' id='word_1_92' title='bbox 797 1709 881 1809; x_wconf 83' lang='grc' dir='ltr'>ἔθνη</span> <span class='ocrx_word' id='word_1_93' title='bbox 904 1707 1193 1810; x_wconf 79' lang='grc' dir='ltr'>ἀνακεκήρυκται.</span> <span class='ocrx_word' id='word_1_94' title='bbox 1246 1705 1301 1787; x_wconf 87' lang='grc' dir='ltr'>Ἢ</span> 
     </span>
     <span class='ocr_line' id='line_1_13' title="bbox 203 1833 1300 1943; baseline 0 -29"><span class='ocrx_word' id='word_1_95' title='bbox 203 1835 340 1937; x_wconf 88' lang='grc' dir='ltr'>λεγέτω</span> <span class='ocrx_word' id='word_1_96' title='bbox 367 1869 428 1932; x_wconf 90' lang='grc' dir='ltr'>τις,</span> <span class='ocrx_word' id='word_1_97' title='bbox 446 1840 476 1914; x_wconf 90' lang='grc' dir='ltr'>εἰ</span> <span class='ocrx_word' id='word_1_98' title='bbox 493 1834 544 1934; x_wconf 84' lang='grc' dir='ltr'><strong>μὴ</strong></span> <span class='ocrx_word' id='word_1_99' title='bbox 569 1835 661 1915; x_wconf 82' lang='grc' dir='ltr'>κατὰ</span> <span class='ocrx_word' id='word_1_100' title='bbox 681 1833 744 1936; x_wconf 75' lang='grc' dir='ltr'><strong>τὴν</strong></span> <span class='ocrx_word' id='word_1_101' title='bbox 768 1834 976 1943; x_wconf 80' lang='grc' dir='ltr'>ἐπιφάνειαν</span> <span class='ocrx_word' id='word_1_102' title='bbox 992 1840 1117 1935; x_wconf 84' lang='grc' dir='ltr'>Ἰησοῦ</span> <span class='ocrx_word' id='word_1_103' title='bbox 1135 1843 1199 1914; x_wconf 90' lang='grc' dir='ltr'><strong>τοῦ</strong></span> <span class='ocrx_word' id='word_1_104' title='bbox 1218 1839 1300 1914; x_wconf 84' lang='grc' dir='ltr'><strong>Σω-</strong></span> 
     </span>
     <span class='ocr_line' id='line_1_14' title="bbox 202 1960 1326 2066; baseline 0 -25"><span class='ocrx_word' id='word_1_105' title='bbox 202 1966 309 2062; x_wconf 81' lang='grc' dir='ltr'>τῆρος</span> <span class='ocrx_word' id='word_1_106' title='bbox 333 1963 435 2061; x_wconf 81' lang='grc' dir='ltr'>ἡμῶν</span> <span class='ocrx_word' id='word_1_107' title='bbox 458 1961 505 2042; x_wconf 84' lang='grc' dir='ltr'><strong>τὰ</strong></span> <span class='ocrx_word' id='word_1_108' title='bbox 529 1961 595 2062; x_wconf 84' lang='grc' dir='ltr'><strong>μέν</strong></span> <span class='ocrx_word' id='word_1_109' title='bbox 620 1963 719 2065; x_wconf 80' lang='grc' dir='ltr'>παρὰ</span> <span class='ocrx_word' id='word_1_110' title='bbox 736 1965 917 2046; x_wconf 89' lang='grc' dir='ltr'>Ἰουδαίοις</span> <span class='ocrx_word' id='word_1_111' title='bbox 934 1961 1062 2062; x_wconf 84' lang='grc' dir='ltr'>σεμνά,</span> <span class='ocrx_word' id='word_1_112' title='bbox 1080 1963 1141 2062; x_wconf 83' lang='grc' dir='ltr'>ἥτε</span> <span class='ocrx_word' id='word_1_113' title='bbox 1164 1960 1326 2066; x_wconf 78' lang='grc' dir='ltr'>μητρό-ς</span> 
     </span>
     <span class='ocr_line' id='line_1_15' title="bbox 201 2086 1303 2197; baseline -0.003 -28"><span class='ocrx_word' id='word_1_114' title='bbox 201 2099 310 2171; x_wconf 86' lang='grc' dir='ltr'>πολις</span> <span class='ocrx_word' id='word_1_115' title='bbox 323 2090 440 2168; x_wconf 77' lang='grc' dir='ltr'>αὐτῶν</span> <span class='ocrx_word' id='word_1_116' title='bbox 453 2086 527 2187; x_wconf 81' lang='grc' dir='ltr'>ἅμα</span> <span class='ocrx_word' id='word_1_117' title='bbox 544 2095 596 2197; x_wconf 75' lang='grc' dir='ltr'><strong>τῷ</strong></span> <span class='ocrx_word' id='word_1_118' title='bbox 610 2095 691 2196; x_wconf 77' lang='grc' dir='ltr'>ἱερῷ</span> <span class='ocrx_word' id='word_1_119' title='bbox 705 2094 764 2169; x_wconf 89' lang='grc' dir='ltr'>καί</span> <span class='ocrx_word' id='word_1_120' title='bbox 781 2096 827 2194; x_wconf 83' lang='grc' dir='ltr'><strong>τῇ</strong></span> <span class='ocrx_word' id='word_1_121' title='bbox 840 2093 878 2169; x_wconf 88' lang='grc' dir='ltr'><strong>ἐν</strong></span> <span class='ocrx_word' id='word_1_122' title='bbox 891 2089 1006 2196; x_wconf 79' lang='grc' dir='ltr'>τούτῳ</span> <span class='ocrx_word' id='word_1_123' title='bbox 1021 2088 1303 2193; x_wconf 66' lang='grc' dir='ltr'><strong>οσυντελουμένη</strong></span> 
     </span>
    </p>
   </div>
   <div class='ocr_carea' id='block_1_3' title="bbox 203 2214 1300 2324">
    <p class='ocr_par' dir='ltr' id='par_1_3' title="bbox 203 2214 1300 2324">
     <span class='ocr_line' id='line_1_16' title="bbox 203 2214 1300 2324; baseline 0 -29"><span class='ocrx_word' id='word_1_124' title='bbox 203 2218 367 2324; x_wconf 78' lang='grc' dir='ltr'>ἁγιστείᾳ</span> <span class='ocrx_word' id='word_1_125' title='bbox 386 2216 475 2315; x_wconf 79' lang='grc' dir='ltr'>μετὰ</span> <span class='ocrx_word' id='word_1_126' title='bbox 493 2221 552 2297; x_wconf 91' lang='grc' dir='ltr'>καί</span> <span class='ocrx_word' id='word_1_127' title='bbox 569 2224 642 2299; x_wconf 80' lang='grc' dir='ltr'><strong>τῶν</strong></span> <span class='ocrx_word' id='word_1_128' title='bbox 661 2219 795 2298; x_wconf 80' lang='grc' dir='ltr'>οἰκείων</span> <span class='ocrx_word' id='word_1_129' title='bbox 813 2218 1018 2319; x_wconf 73' lang='grc' dir='ltr'>ἡγουμένων</span> <span class='ocrx_word' id='word_1_130' title='bbox 1035 2252 1074 2298; x_wconf 91' lang='grc' dir='ltr'>τε</span> <span class='ocrx_word' id='word_1_131' title='bbox 1092 2221 1151 2298; x_wconf 89' lang='grc' dir='ltr'>καί</span> <span class='ocrx_word' id='word_1_132' title='bbox 1168 2214 1300 2322; x_wconf 85' lang='grc' dir='ltr'>ἀρχόν-</span> 
     </span>
    </p>
   </div>
   <div class='ocr_carea' id='block_1_4' title="bbox 160 2344 1343 2825">
    <p class='ocr_par' dir='ltr' id='par_1_4' title="bbox 201 2344 1302 2453">
     <span class='ocr_line' id='line_1_17' title="bbox 201 2344 1302 2453; baseline 0.005 -29"><span class='ocrx_word' id='word_1_133' title='bbox 201 2379 274 2425; x_wconf 86' lang='grc' dir='ltr'><strong>των</strong></span> <span class='ocrx_word' id='word_1_134' title='bbox 304 2347 539 2444; x_wconf 88' lang='grc' dir='ltr'>διαλέλοιπεν,</span> <span class='ocrx_word' id='word_1_135' title='bbox 573 2347 812 2427; x_wconf 89' lang='grc' dir='ltr'>ἀναδέδεικται</span> <span class='ocrx_word' id='word_1_136' title='bbox 844 2345 882 2426; x_wconf 86' lang='grc' dir='ltr'><strong>δέ</strong></span> <span class='ocrx_word' id='word_1_137' title='bbox 918 2347 962 2453; x_wconf 79' lang='grc' dir='ltr'><strong>ἐξ</strong></span> <span class='ocrx_word' id='word_1_138' title='bbox 993 2347 1124 2426; x_wconf 89' lang='grc' dir='ltr'>ἐκείνου</span> <span class='ocrx_word' id='word_1_139' title='bbox 1155 2344 1201 2425; x_wconf 87' lang='grc' dir='ltr'>τά</span> <span class='ocrx_word' id='word_1_140' title='bbox 1238 2349 1302 2445; x_wconf 83' lang='grc' dir='ltr'>τῆς</span> 
     </span>
    </p>

    <p class='ocr_par' dir='ltr' id='par_1_5' title="bbox 201 2471 1343 2575">
     <span class='ocr_line' id='line_1_18' title="bbox 201 2471 1343 2575; baseline 0 -23"><span class='ocrx_word' id='word_1_141' title='bbox 201 2473 346 2556; x_wconf 81' lang='grc' dir='ltr'>ἐλπίδος</span> <span class='ocrx_word' id='word_1_142' title='bbox 370 2476 429 2553; x_wconf 90' lang='grc' dir='ltr'>καί</span> <span class='ocrx_word' id='word_1_143' title='bbox 452 2471 686 2575; x_wconf 65' lang='grc' dir='ltr'>’προσδοκίας</span> <span class='ocrx_word' id='word_1_144' title='bbox 706 2480 779 2552; x_wconf 79' lang='grc' dir='ltr'><strong>τῶν</strong></span> <span class='ocrx_word' id='word_1_145' title='bbox 796 2475 908 2552; x_wconf 84' lang='grc' dir='ltr'>ἐθνῶν</span> <span class='ocrx_word' id='word_1_146' title='bbox 932 2480 1005 2552; x_wconf 85' lang='grc' dir='ltr'><strong>τῶν</strong></span> <span class='ocrx_word' id='word_1_147' title='bbox 1023 2475 1105 2552; x_wconf 86' lang='grc' dir='ltr'>καθ’</span> <span class='ocrx_word' id='word_1_148' title='bbox 1126 2471 1214 2570; x_wconf 80' lang='grc' dir='ltr'>ὅλης</span> <span class='ocrx_word' id='word_1_149' title='bbox 1239 2475 1302 2571; x_wconf 81' lang='grc' dir='ltr'>τῆς</span> <span class='ocrx_word' id='word_1_150' title='bbox 1313 2518 1343 2552; x_wconf 83' lang='grc' dir='ltr'><strong>ιο</strong></span> 
     </span>
    </p>

    <p class='ocr_par' dir='ltr' id='par_1_6' title="bbox 160 2596 1302 2825">
     <span class='ocr_line' id='line_1_19' title="bbox 202 2596 1298 2712; baseline 0 -36"><span class='ocrx_word' id='word_1_151' title='bbox 202 2596 414 2697; x_wconf 84' lang='grc' dir='ltr'>οἰκουμένης,</span> <span class='ocrx_word' id='word_1_152' title='bbox 437 2596 496 2712; x_wconf 77' lang='grc' dir='ltr'>ὅτε</span> <span class='ocrx_word' id='word_1_153' title='bbox 520 2602 578 2678; x_wconf 89' lang='grc' dir='ltr'>καί</span> <span class='ocrx_word' id='word_1_154' title='bbox 606 2597 758 2697; x_wconf 87' lang='grc' dir='ltr'>ἐλήλυθε</span> <span class='ocrx_word' id='word_1_155' title='bbox 782 2597 829 2680; x_wconf 65' lang='lat' dir='ltr'><strong>rb</strong></span> <span class='ocrx_word' id='word_1_156' title='bbox 852 2600 1065 2702; x_wconf 76' lang='grc' dir='ltr'>ἀποκείμενα</span> <span class='ocrx_word' id='word_1_157' title='bbox 1087 2603 1140 2704; x_wconf 78' lang='grc' dir='ltr'><strong>τῷ</strong></span> <span class='ocrx_word' id='word_1_158' title='bbox 1163 2596 1298 2703; x_wconf 80' lang='grc' dir='ltr'>Κυρίῳ.</span> 
     </span>
     <span class='ocr_line' id='line_1_20' title="bbox 160 2719 1302 2825; baseline -0.001 -21"><span class='ocrx_word' id='word_1_159' title='bbox 160 2754 192 2804; x_wconf 80' lang='lat'><strong>5²</strong></span> <span class='ocrx_word' id='word_1_160' title='bbox 202 2723 295 2804; x_wconf 82' lang='grc' dir='ltr'>Τίνα</span> <span class='ocrx_word' id='word_1_161' title='bbox 313 2723 360 2820; x_wconf 86' lang='grc' dir='ltr'><strong>δέ,</strong></span> <span class='ocrx_word' id='word_1_162' title='bbox 379 2721 402 2824; x_wconf 81' lang='grc' dir='ltr'>ἢ</span> <span class='ocrx_word' id='word_1_163' title='bbox 421 2723 468 2803; x_wconf 79' lang='grc' dir='ltr'><strong>τὰ</strong></span> <span class='ocrx_word' id='word_1_164' title='bbox 491 2723 694 2825; x_wconf 79' lang='grc' dir='ltr'>δηλούμενα</span> <span class='ocrx_word' id='word_1_165' title='bbox 717 2723 776 2804; x_wconf 82' lang='grc' dir='ltr'><strong>διὰ</strong></span> <span class='ocrx_word' id='word_1_166' title='bbox 797 2732 862 2805; x_wconf 88' lang='grc' dir='ltr'><strong>τοῦ</strong></span> <span class='ocrx_word' id='word_1_167' title='bbox 880 2722 1007 2820; x_wconf 80' lang='grc' dir='ltr'>Ἰούδα,</span> <span class='ocrx_word' id='word_1_168' title='bbox 1027 2721 1066 2802; x_wconf 81' lang='grc' dir='ltr'>σί</span> <span class='ocrx_word' id='word_1_169' title='bbox 1084 2719 1302 2804; x_wconf 65' lang='lat' dir='ltr'><strong>‘atticano</strong></span> 
     </span>
    </p>
   </div>
   <div class='ocr_carea' id='block_1_5' title="bbox 202 2873 1299 3028">
    <p class='ocr_par' dir='ltr' id='par_1_7' title="bbox 202 2873 1299 3028">
     <span class='ocr_line' id='line_1_21' title="bbox 241 2873 1299 2950; baseline 0.002 -21"><span class='ocrx_word' id='word_1_170' title='bbox 241 2883 255 2916; x_wconf 61' lang='grc' dir='ltr'>θ</span> <span class='ocrx_word' id='word_1_171' title='bbox 269 2877 472 2945; x_wconf 69' lang='grc' dir='ltr'>συντελουμένης</span> <span class='ocrx_word' id='word_1_172' title='bbox 487 2875 514 2930; x_wconf 88' lang='lat' dir='ltr'><strong>S.</strong></span> <span class='ocrx_word' id='word_1_173' title='bbox 718 2873 899 2950; x_wconf 69' lang='grc' dir='ltr'>ίττροοδοκίο]</span> <span class='ocrx_word' id='word_1_174' title='bbox 917 2873 1076 2948; x_wconf 84' lang='grc' dir='ltr'>προσδοκίας</span> <span class='ocrx_word' id='word_1_175' title='bbox 1090 2875 1122 2933; x_wconf 87' lang='lat' dir='ltr'><strong>P.</strong></span> <span class='ocrx_word' id='word_1_176' title='bbox 1137 2883 1168 2930; x_wconf 87' lang='lat' dir='ltr'><strong>ut</strong></span> <span class='ocrx_word' id='word_1_177' title='bbox 1181 2875 1253 2948; x_wconf 79' lang='lat' dir='ltr'><strong>vulg.</strong></span> <span class='ocrx_word' id='word_1_178' title='bbox 1270 2876 1299 2931; x_wconf 85' lang='lat' dir='ltr'><strong>S.</strong></span> 
     </span>
     <span class='ocr_line' id='line_1_22' title="bbox 202 2954 609 3028; baseline -0.002 -15"><span class='ocrx_word' id='word_1_179' title='bbox 202 2966 220 3013; x_wconf 68' lang='grc' dir='ltr'><strong><em>Β</em></strong></span> <span class='ocrx_word' id='word_1_180' title='bbox 232 2954 395 3028; x_wconf 77' lang='grc' dir='ltr'>αἰυέσουσιν]</span> <span class='ocrx_word' id='word_1_181' title='bbox 411 2955 564 3011; x_wconf 78' lang='grc' dir='ltr'>αἰνέσαισαν</span> <span class='ocrx_word' id='word_1_182' title='bbox 578 2957 609 3012; x_wconf 84' lang='grc' dir='ltr'><strong>Ρ.</strong></span> 
     </span>
    </p>
   </div>
   <div class='ocr_carea' id='block_1_6' title="bbox 198 3066 1301 4425">
    <p class='ocr_par' dir='ltr' id='par_1_8' title="bbox 198 3066 1301 4425">
     <span class='ocr_line' id='line_1_23' title="bbox 201 3066 1298 3144; baseline 0.002 -20"><span class='ocrx_word' id='word_1_183' title='bbox 201 3066 342 3140; x_wconf 89' lang='lat' dir='ltr'><strong>completa</strong></span> <span class='ocrx_word' id='word_1_184' title='bbox 355 3066 442 3124; x_wconf 80' lang='lat' dir='ltr'><strong>esse?</strong></span> <span class='ocrx_word' id='word_1_185' title='bbox 463 3067 602 3143; x_wconf 86' lang='lat' dir='ltr'><strong>siquidem</strong></span> <span class='ocrx_word' id='word_1_186' title='bbox 621 3068 667 3142; x_wconf 90' lang='lat' dir='ltr'><strong>qni</strong></span> <span class='ocrx_word' id='word_1_187' title='bbox 690 3075 755 3126; x_wconf 84' lang='lat' dir='ltr'><strong>ante</strong></span> <span class='ocrx_word' id='word_1_188' title='bbox 771 3068 878 3127; x_wconf 84' lang='lat' dir='ltr'>Christi</span> <span class='ocrx_word' id='word_1_189' title='bbox 899 3077 994 3126; x_wconf 89' lang='lat' dir='ltr'><strong>crtum</strong></span> <span class='ocrx_word' id='word_1_190' title='bbox 1012 3069 1176 3127; x_wconf 77' lang='lat' dir='ltr'><strong>domesticis</strong></span> <span class='ocrx_word' id='word_1_191' title='bbox 1194 3069 1298 3144; x_wconf 87' lang='lat' dir='ltr'><strong>princi·</strong></span> 
     </span>
     <span class='ocr_line' id='line_1_24' title="bbox 201 3147 1301 3222; baseline 0.004 -18"><span class='ocrx_word' id='word_1_192' title='bbox 201 3148 283 3222; x_wconf 84' lang='lat' dir='ltr'><strong>pibus</strong></span> <span class='ocrx_word' id='word_1_193' title='bbox 297 3165 330 3204; x_wconf 84' lang='lat' dir='ltr'><strong>ac</strong></span> <span class='ocrx_word' id='word_1_194' title='bbox 345 3147 473 3212; x_wconf 84' lang='lat' dir='ltr'><strong>ducibus.</strong></span> <span class='ocrx_word' id='word_1_195' title='bbox 487 3157 516 3205; x_wconf 88' lang='lat' dir='ltr'><strong>et</strong></span> <span class='ocrx_word' id='word_1_196' title='bbox 531 3148 681 3205; x_wconf 75' lang='lat' dir='ltr'><strong>solertibus</strong></span> <span class='ocrx_word' id='word_1_197' title='bbox 697 3148 853 3206; x_wconf 80' lang='lat' dir='ltr'><strong>divinarum</strong></span> <span class='ocrx_word' id='word_1_198' title='bbox 875 3149 1028 3207; x_wconf 90' lang='lat' dir='ltr'><strong>lectionum</strong></span> <span class='ocrx_word' id='word_1_199' title='bbox 1043 3150 1226 3217; x_wconf 77' lang='lat' dir='ltr'><strong>auditoribus,</strong></span> <span class='ocrx_word' id='word_1_200' title='bbox 1243 3150 1301 3208; x_wconf 82' lang='lat' dir='ltr'><strong>auis</strong></span> 
     </span>
     <span class='ocr_line' id='line_1_25' title="bbox 201 3227 1299 3307; baseline 0.002 -23"><span class='ocrx_word' id='word_1_201' title='bbox 201 3227 270 3284; x_wconf 87' lang='lat' dir='ltr'><strong>item</strong></span> <span class='ocrx_word' id='word_1_202' title='bbox 285 3229 406 3303; x_wconf 91' lang='lat' dir='ltr'><strong>propriis</strong></span> <span class='ocrx_word' id='word_1_203' title='bbox 419 3227 535 3303; x_wconf 84' lang='lat' dir='ltr'><strong>regibus</strong></span> <span class='ocrx_word' id='word_1_204' title='bbox 553 3237 583 3285; x_wconf 92' lang='lat' dir='ltr'><strong>et</strong></span> <span class='ocrx_word' id='word_1_205' title='bbox 601 3227 781 3304; x_wconf 84' lang='lat' dir='ltr'><strong>pontificibus</strong></span> <span class='ocrx_word' id='word_1_206' title='bbox 795 3239 824 3287; x_wconf 92' lang='lat' dir='ltr'><strong>et</strong></span> <span class='ocrx_word' id='word_1_207' title='bbox 839 3230 984 3304; x_wconf 88' lang='lat' dir='ltr'><strong>prophetis</strong></span> <span class='ocrx_word' id='word_1_208' title='bbox 1004 3231 1208 3307; x_wconf 86' lang='lat' dir='ltr'><strong>gloriabantur,</strong></span> <span class='ocrx_word' id='word_1_209' title='bbox 1223 3249 1299 3305; x_wconf 84' lang='lat' dir='ltr'><strong>qnae·</strong></span> 
     </span>
     <span class='ocr_line' id='line_1_26' title="bbox 202 3309 1299 3385; baseline 0.002 -20"><span class='ocrx_word' id='word_1_210' title='bbox 202 3326 256 3384; x_wconf 92' lang='lat' dir='ltr'><strong>que</strong></span> <span class='ocrx_word' id='word_1_211' title='bbox 278 3309 348 3365; x_wconf 89' lang='lat' dir='ltr'><strong>olim</strong></span> <span class='ocrx_word' id='word_1_212' title='bbox 371 3309 476 3385; x_wconf 82' lang='lat' dir='ltr'><strong>regalis</strong></span> <span class='ocrx_word' id='word_1_213' title='bbox 498 3327 583 3383; x_wconf 89' lang='lat' dir='ltr'><strong>quum</strong></span> <span class='ocrx_word' id='word_1_214' title='bbox 603 3317 689 3376; x_wconf 84' lang='lat' dir='ltr'><strong>esset,</strong></span> <span class='ocrx_word' id='word_1_215' title='bbox 708 3317 770 3366; x_wconf 85' lang='lat' dir='ltr'><strong>tum</strong></span> <span class='ocrx_word' id='word_1_216' title='bbox 791 3328 857 3366; x_wconf 86' lang='lat' dir='ltr'><strong>snos</strong></span> <span class='ocrx_word' id='word_1_217' title='bbox 880 3310 979 3368; x_wconf 86' lang='lat' dir='ltr'><strong>hostes</strong></span> <span class='ocrx_word' id='word_1_218' title='bbox 995 3321 1081 3385; x_wconf 85' lang='lat' dir='ltr'><strong>atque</strong></span> <span class='ocrx_word' id='word_1_219' title='bbox 1101 3311 1230 3367; x_wconf 83' lang='lat' dir='ltr'><strong>inimicos</strong></span> <span class='ocrx_word' id='word_1_220' title='bbox 1251 3329 1299 3367; x_wconf 88' lang='lat' dir='ltr'><strong>su·</strong></span> 
     </span>
     <span class='ocr_line' id='line_1_27' title="bbox 200 3387 1299 3466; baseline 0.001 -21"><span class='ocrx_word' id='word_1_221' title='bbox 200 3387 328 3462; x_wconf 78' lang='lat' dir='ltr'><strong>perabat,</strong></span> <span class='ocrx_word' id='word_1_222' title='bbox 342 3397 404 3445; x_wconf 90' lang='lat' dir='ltr'><strong>tum</strong></span> <span class='ocrx_word' id='word_1_223' title='bbox 425 3408 483 3445; x_wconf 79' lang='lat' dir='ltr'><strong>sure</strong></span> <span class='ocrx_word' id='word_1_224' title='bbox 504 3389 599 3464; x_wconf 83' lang='lat' dir='ltr'><strong>gentis</strong></span> <span class='ocrx_word' id='word_1_225' title='bbox 617 3390 755 3446; x_wconf 79' lang='lat' dir='ltr'><strong>universae</strong></span> <span class='ocrx_word' id='word_1_226' title='bbox 776 3390 907 3466; x_wconf 91' lang='lat' dir='ltr'><strong>princeps</strong></span> <span class='ocrx_word' id='word_1_227' title='bbox 925 3398 954 3447; x_wconf 89' lang='lat' dir='ltr'><strong>et</strong></span> <span class='ocrx_word' id='word_1_228' title='bbox 969 3390 1027 3446; x_wconf 87' lang='lat' dir='ltr'><strong>dux</strong></span> <span class='ocrx_word' id='word_1_229' title='bbox 1044 3389 1194 3455; x_wconf 81' lang='lat' dir='ltr'><strong>existebat,</strong></span> <span class='ocrx_word' id='word_1_230' title='bbox 1209 3388 1299 3446; x_wconf 85' lang='lat' dir='ltr'><strong>tribus</strong></span> 
     </span>
     <span class='ocr_line' id='line_1_28' title="bbox 199 3467 1299 3544; baseline -0.001 -19"><span class='ocrx_word' id='word_1_231' title='bbox 199 3468 286 3525; x_wconf 86' lang='lat' dir='ltr'><strong>Juda.</strong></span> <span class='ocrx_word' id='word_1_232' title='bbox 328 3469 485 3535; x_wconf 86' lang='lat' dir='ltr'><strong>Postremo,</strong></span> <span class='ocrx_word' id='word_1_233' title='bbox 500 3469 659 3544; x_wconf 86' lang='lat' dir='ltr'><strong>quicunqne</strong></span> <span class='ocrx_word' id='word_1_234' title='bbox 673 3469 824 3526; x_wconf 89' lang='lat' dir='ltr'><strong>interillos</strong></span> <span class='ocrx_word' id='word_1_235' title='bbox 838 3469 980 3544; x_wconf 89' lang='lat' dir='ltr'><strong>qnondam</strong></span> <span class='ocrx_word' id='word_1_236' title='bbox 998 3469 1184 3534; x_wconf 73' lang='lat' dir='ltr'><strong>excellebant,</strong></span> <span class='ocrx_word' id='word_1_237' title='bbox 1200 3467 1299 3525; x_wconf 85' lang='lat' dir='ltr'><strong>exilio</strong></span> 
     </span>
     <span class='ocr_line' id='line_1_29' title="bbox 200 3547 1297 3624; baseline 0 -19"><span class='ocrx_word' id='word_1_238' title='bbox 200 3547 236 3605; x_wconf 91' lang='lat' dir='ltr'><strong>ad</strong></span> <span class='ocrx_word' id='word_1_239' title='bbox 257 3549 334 3605; x_wconf 91' lang='lat' dir='ltr'><strong>bunc</strong></span> <span class='ocrx_word' id='word_1_240' title='bbox 355 3568 445 3624; x_wconf 86' lang='lat' dir='ltr'><strong>nsque</strong></span> <span class='ocrx_word' id='word_1_241' title='bbox 471 3549 546 3606; x_wconf 88' lang='lat' dir='ltr'><strong>diem</strong></span> <span class='ocrx_word' id='word_1_242' title='bbox 569 3549 705 3606; x_wconf 85' lang='lat' dir='ltr'><strong>Romanis</strong></span> <span class='ocrx_word' id='word_1_243' title='bbox 729 3549 870 3607; x_wconf 91' lang='lat' dir='ltr'><strong>tributarii</strong></span> <span class='ocrx_word' id='word_1_244' title='bbox 893 3550 961 3606; x_wconf 80' lang='lat' dir='ltr'><strong>iacti</strong></span> <span class='ocrx_word' id='word_1_245' title='bbox 985 3557 1085 3624; x_wconf 88' lang='lat' dir='ltr'><strong>parent</strong></span> <span class='ocrx_word' id='word_1_246' title='bbox 1106 3567 1140 3604; x_wconf 87' lang='lat' dir='ltr'><strong>ac</strong></span> <span class='ocrx_word' id='word_1_247' title='bbox 1163 3547 1297 3605; x_wconf 83' lang='lat' dir='ltr'><strong>serviunt</strong></span> 
     </span>
     <span class='ocr_line' id='line_1_30' title="bbox 200 3627 1298 3704; baseline 0 -20"><span class='ocrx_word' id='word_1_248' title='bbox 200 3627 290 3685; x_wconf 82' lang='lat' dir='ltr'><strong>Plane</strong></span> <span class='ocrx_word' id='word_1_249' title='bbox 311 3630 385 3686; x_wconf 88' lang='lat' dir='ltr'><strong>enim</strong></span> <span class='ocrx_word' id='word_1_250' title='bbox 401 3628 533 3686; x_wconf 87' lang='lat' dir='ltr'><strong>Christus</strong></span> <span class='ocrx_word' id='word_1_251' title='bbox 553 3630 607 3686; x_wconf 89' lang='lat' dir='ltr'><strong>Dei</strong></span> <span class='ocrx_word' id='word_1_252' title='bbox 626 3629 780 3686; x_wconf 86' lang='lat' dir='ltr'><strong>videndum</strong></span> <span class='ocrx_word' id='word_1_253' title='bbox 802 3647 833 3686; x_wconf 84' lang='lat' dir='ltr'><strong>se</strong></span> <span class='ocrx_word' id='word_1_254' title='bbox 853 3630 981 3704; x_wconf 69' lang='lat' dir='ltr'><strong>prebuit,</strong></span> <span class='ocrx_word' id='word_1_255' title='bbox 1003 3637 1087 3702; x_wconf 85' lang='lat' dir='ltr'><strong>atque</strong></span> <span class='ocrx_word' id='word_1_256' title='bbox 1108 3646 1144 3684; x_wconf 86' lang='lat' dir='ltr'><strong>ex</strong></span> <span class='ocrx_word' id='word_1_257' title='bbox 1163 3627 1298 3702; x_wconf 70' lang='lat' dir='ltr'><strong>illoque</strong></span> 
     </span>
     <span class='ocr_line' id='line_1_31' title="bbox 198 3707 1296 3785; baseline 0 -20"><span class='ocrx_word' id='word_1_258' title='bbox 198 3708 345 3766; x_wconf 72' lang='lat' dir='ltr'><strong>dicebatur</strong></span> <span class='ocrx_word' id='word_1_259' title='bbox 369 3713 516 3784; x_wconf 75' lang='grc' dir='ltr'>εερεοιαιὶο</span> <span class='ocrx_word' id='word_1_260' title='bbox 535 3713 654 3785; x_wconf 68' lang='lat' dir='ltr'><strong>centium</strong></span> <span class='ocrx_word' id='word_1_261' title='bbox 676 3708 806 3766; x_wconf 89' lang='lat' dir='ltr'><strong>omnibus</strong></span> <span class='ocrx_word' id='word_1_262' title='bbox 823 3710 956 3784; x_wconf 87' lang='lat' dir='ltr'><strong>gentibus</strong></span> <span class='ocrx_word' id='word_1_263' title='bbox 977 3709 1070 3783; x_wconf 87' lang='lat' dir='ltr'><strong>palem</strong></span> <span class='ocrx_word' id='word_1_264' title='bbox 1094 3707 1223 3764; x_wconf 85' lang='lat' dir='ltr'><strong>nuntiata</strong></span> <span class='ocrx_word' id='word_1_265' title='bbox 1242 3717 1296 3765; x_wconf 80' lang='lat' dir='ltr'><strong>eet.</strong></span> 
     </span>
     <span class='ocr_line' id='line_1_32' title="bbox 198 3787 1297 3864; baseline 0 -20"><span class='ocrx_word' id='word_1_266' title='bbox 198 3789 257 3846; x_wconf 81' lang='lat' dir='ltr'><strong>Ant</strong></span> <span class='ocrx_word' id='word_1_267' title='bbox 271 3789 347 3846; x_wconf 87' lang='lat' dir='ltr'><strong>dicat</strong></span> <span class='ocrx_word' id='word_1_268' title='bbox 361 3789 430 3846; x_wconf 88' lang='lat' dir='ltr'><strong>mihi</strong></span> <span class='ocrx_word' id='word_1_269' title='bbox 444 3790 555 3864; x_wconf 86' lang='lat' dir='ltr'><strong>aliquis,</strong></span> <span class='ocrx_word' id='word_1_270' title='bbox 570 3799 664 3846; x_wconf 71' lang='lat' dir='ltr'><strong>ubam</strong></span> <span class='ocrx_word' id='word_1_271' title='bbox 678 3789 708 3845; x_wconf 91' lang='lat' dir='ltr'><strong>in</strong></span> <span class='ocrx_word' id='word_1_272' title='bbox 721 3790 845 3846; x_wconf 83' lang='lat' dir='ltr'><strong>adventu</strong></span> <span class='ocrx_word' id='word_1_273' title='bbox 856 3789 926 3846; x_wconf 88' lang='lat' dir='ltr'><strong>Jesu</strong></span> <span class='ocrx_word' id='word_1_274' title='bbox 941 3788 1096 3846; x_wconf 82' lang='lat' dir='ltr'><strong>Salvatorie</strong></span> <span class='ocrx_word' id='word_1_275' title='bbox 1110 3787 1209 3856; x_wconf 82' lang='lat' dir='ltr'><strong>nostri,</strong></span> <span class='ocrx_word' id='word_1_276' title='bbox 1221 3806 1297 3861; x_wconf 81' lang='lat' dir='ltr'><strong>quae·</strong></span> 
     </span>
     <span class='ocr_line' id='line_1_33' title="bbox 198 3869 1299 3945; baseline 0.001 -20"><span class='ocrx_word' id='word_1_277' title='bbox 198 3885 307 3943; x_wconf 87' lang='lat' dir='ltr'><strong>cunque</strong></span> <span class='ocrx_word' id='word_1_278' title='bbox 321 3869 397 3944; x_wconf 86' lang='lat' dir='ltr'><strong>apud</strong></span> <span class='ocrx_word' id='word_1_279' title='bbox 411 3870 551 3927; x_wconf 81' lang='lat' dir='ltr'><strong>Hebraeos</strong></span> <span class='ocrx_word' id='word_1_280' title='bbox 569 3871 749 3945; x_wconf 86' lang='lat' dir='ltr'><strong>majestatem</strong></span> <span class='ocrx_word' id='word_1_281' title='bbox 771 3869 892 3944; x_wconf 85' lang='lat' dir='ltr'><strong>aliquam</strong></span> <span class='ocrx_word' id='word_1_282' title='bbox 913 3870 1060 3936; x_wconf 85' lang='lat' dir='ltr'><strong>baberent,</strong></span> <span class='ocrx_word' id='word_1_283' title='bbox 1075 3885 1186 3925; x_wconf 89' lang='lat' dir='ltr'><strong>necnon</strong></span> <span class='ocrx_word' id='word_1_284' title='bbox 1208 3877 1299 3926; x_wconf 87' lang='lat' dir='ltr'><strong>mater</strong></span> 
     </span>
     <span class='ocr_line' id='line_1_34' title="bbox 198 3947 1299 4025; baseline 0.002 -21"><span class='ocrx_word' id='word_1_285' title='bbox 198 3947 323 4024; x_wconf 82' lang='lat' dir='ltr'><strong>ipsorum</strong></span> <span class='ocrx_word' id='word_1_286' title='bbox 338 3950 436 4007; x_wconf 84' lang='lat' dir='ltr'><strong>civitas</strong></span> <span class='ocrx_word' id='word_1_287' title='bbox 450 3968 506 4006; x_wconf 87' lang='lat' dir='ltr'><strong>nna</strong></span> <span class='ocrx_word' id='word_1_288' title='bbox 520 3969 585 4007; x_wconf 87' lang='lat' dir='ltr'><strong>cnm</strong></span> <span class='ocrx_word' id='word_1_289' title='bbox 599 3949 706 4025; x_wconf 89' lang='lat' dir='ltr'><strong>templo</strong></span> <span class='ocrx_word' id='word_1_290' title='bbox 725 3959 754 4007; x_wconf 94' lang='lat' dir='ltr'><strong>et</strong></span> <span class='ocrx_word' id='word_1_291' title='bbox 774 3967 808 4006; x_wconf 89' lang='lat' dir='ltr'><strong>eo</strong></span> <span class='ocrx_word' id='word_1_292' title='bbox 829 3949 905 4024; x_wconf 94' lang='lat' dir='ltr'><strong>qnod</strong></span> <span class='ocrx_word' id='word_1_293' title='bbox 925 3950 955 4006; x_wconf 93' lang='lat' dir='ltr'><strong>in</strong></span> <span class='ocrx_word' id='word_1_294' title='bbox 974 3949 1082 4024; x_wconf 87' lang='lat' dir='ltr'><strong>templo</strong></span> <span class='ocrx_word' id='word_1_295' title='bbox 1103 3947 1299 4006; x_wconf 73' lang='lat' dir='ltr'><strong>celebrabatur</strong></span> 
     </span>
     <span class='ocr_line' id='line_1_35' title="bbox 198 4028 1296 4107; baseline 0.001 -22"><span class='ocrx_word' id='word_1_296' title='bbox 198 4029 344 4094; x_wconf 82' lang='lat' dir='ltr'><strong>sacrificio,</strong></span> <span class='ocrx_word' id='word_1_297' title='bbox 359 4048 479 4104; x_wconf 88' lang='lat' dir='ltr'><strong>cumque</strong></span> <span class='ocrx_word' id='word_1_298' title='bbox 493 4029 656 4087; x_wconf 86' lang='lat' dir='ltr'><strong>domesticis</strong></span> <span class='ocrx_word' id='word_1_299' title='bbox 677 4029 795 4088; x_wconf 85' lang='lat' dir='ltr'><strong>ducibus</strong></span> <span class='ocrx_word' id='word_1_300' title='bbox 811 4049 844 4086; x_wconf 86' lang='lat' dir='ltr'><strong>ac</strong></span> <span class='ocrx_word' id='word_1_301' title='bbox 866 4029 1038 4107; x_wconf 84' lang='lat' dir='ltr'><strong>principibus</strong></span> <span class='ocrx_word' id='word_1_302' title='bbox 1058 4048 1118 4087; x_wconf 89' lang='lat' dir='ltr'><strong>non</strong></span> <span class='ocrx_word' id='word_1_303' title='bbox 1132 4028 1296 4096; x_wconf 82' lang='lat' dir='ltr'><strong>defecerint,</strong></span> 
     </span>
     <span class='ocr_line' id='line_1_36' title="bbox 198 4109 1298 4185; baseline 0.002 -20"><span class='ocrx_word' id='word_1_304' title='bbox 198 4117 228 4165; x_wconf 90' lang='lat' dir='ltr'><strong>et</strong></span> <span class='ocrx_word' id='word_1_305' title='bbox 249 4117 345 4166; x_wconf 86' lang='lat' dir='ltr'><strong>utrum</strong></span> <span class='ocrx_word' id='word_1_306' title='bbox 367 4129 429 4185; x_wconf 82' lang='lat' dir='ltr'><strong>quac</strong></span> <span class='ocrx_word' id='word_1_307' title='bbox 454 4110 483 4166; x_wconf 89' lang='lat' dir='ltr'><strong>in</strong></span> <span class='ocrx_word' id='word_1_308' title='bbox 503 4129 552 4184; x_wconf 91' lang='lat' dir='ltr'><strong>spe</strong></span> <span class='ocrx_word' id='word_1_309' title='bbox 573 4111 667 4184; x_wconf 84' lang='lat' dir='ltr'><strong>posita</strong></span> <span class='ocrx_word' id='word_1_310' title='bbox 690 4118 772 4166; x_wconf 89' lang='lat' dir='ltr'><strong>erant</strong></span> <span class='ocrx_word' id='word_1_311' title='bbox 795 4109 980 4184; x_wconf 83' lang='lat' dir='ltr'><strong>gentiumque</strong></span> <span class='ocrx_word' id='word_1_312' title='bbox 1004 4128 1067 4184; x_wconf 85' lang='lat' dir='ltr'><strong>qure</strong></span> <span class='ocrx_word' id='word_1_313' title='bbox 1089 4110 1118 4166; x_wconf 93' lang='lat' dir='ltr'><strong>in</strong></span> <span class='ocrx_word' id='word_1_314' title='bbox 1145 4118 1206 4166; x_wconf 90' lang='lat' dir='ltr'><strong>toto</strong></span> <span class='ocrx_word' id='word_1_315' title='bbox 1228 4110 1298 4167; x_wconf 91' lang='lat' dir='ltr'><strong>orbe</strong></span> 
     </span>
     <span class='ocr_line' id='line_1_37' title="bbox 198 4188 1299 4264; baseline 0 -18"><span class='ocrx_word' id='word_1_316' title='bbox 198 4198 295 4246; x_wconf 85' lang='lat' dir='ltr'><strong>essent</strong></span> <span class='ocrx_word' id='word_1_317' title='bbox 308 4188 469 4264; x_wconf 86' lang='lat' dir='ltr'><strong>expectatio</strong></span> <span class='ocrx_word' id='word_1_318' title='bbox 489 4207 525 4246; x_wconf 81' lang='lat' dir='ltr'><strong>ex</strong></span> <span class='ocrx_word' id='word_1_319' title='bbox 547 4189 595 4247; x_wconf 93' lang='lat' dir='ltr'><strong>illo</strong></span> <span class='ocrx_word' id='word_1_320' title='bbox 616 4199 743 4264; x_wconf 84' lang='lat' dir='ltr'><strong>ternpore</strong></span> <span class='ocrx_word' id='word_1_321' title='bbox 757 4189 946 4263; x_wconf 84' lang='lat' dir='ltr'><strong>apparuerint,</strong></span> <span class='ocrx_word' id='word_1_322' title='bbox 962 4191 1074 4264; x_wconf 82' lang='lat' dir='ltr'><strong>quando</strong></span> <span class='ocrx_word' id='word_1_323' title='bbox 1084 4189 1169 4246; x_wconf 87' lang='lat' dir='ltr'><strong>etiam</strong></span> <span class='ocrx_word' id='word_1_324' title='bbox 1182 4208 1224 4252; x_wconf 89' lang='lat' dir='ltr'><strong>ea,</strong></span> <span class='ocrx_word' id='word_1_325' title='bbox 1240 4208 1299 4263; x_wconf 77' lang='grc' dir='ltr'><strong>ηοω</strong></span> 
     </span>
     <span class='ocr_line' id='line_1_38' title="bbox 200 4266 1299 4345; baseline -0.002 -19"><span class='ocrx_word' id='word_1_326' title='bbox 200 4269 327 4326; x_wconf 89' lang='lat' dir='ltr'><strong>Domino</strong></span> <span class='ocrx_word' id='word_1_327' title='bbox 345 4273 467 4345; x_wconf 81' lang='lat' dir='ltr'><strong>reposita</strong></span> <span class='ocrx_word' id='word_1_328' title='bbox 487 4278 576 4334; x_wconf 82' lang='lat' dir='ltr'><strong>erunt,</strong></span> <span class='ocrx_word' id='word_1_329' title='bbox 592 4277 739 4327; x_wconf 87' lang='lat' dir='ltr'><strong>venerunt.</strong></span> <span class='ocrx_word' id='word_1_330' title='bbox 783 4269 842 4326; x_wconf 87' lang='lat' dir='ltr'><strong>Sed</strong></span> <span class='ocrx_word' id='word_1_331' title='bbox 863 4288 925 4343; x_wconf 86' lang='lat' dir='ltr'><strong>quae</strong></span> <span class='ocrx_word' id='word_1_332' title='bbox 947 4270 1062 4326; x_wconf 85' lang='lat' dir='ltr'><strong>tandem</strong></span> <span class='ocrx_word' id='word_1_333' title='bbox 1083 4269 1144 4325; x_wconf 84' lang='lat' dir='ltr'><strong>haec</strong></span> <span class='ocrx_word' id='word_1_334' title='bbox 1168 4266 1299 4325; x_wconf 84' lang='lat' dir='ltr'><strong>habenda</strong></span> 
     </span>
     <span class='ocr_line' id='line_1_39' title="bbox 199 4347 1299 4425; baseline -0.004 -21"><span class='ocrx_word' id='word_1_335' title='bbox 199 4359 274 4414; x_wconf 88' lang='lat' dir='ltr'><strong>sunt,</strong></span> <span class='ocrx_word' id='word_1_336' title='bbox 290 4349 343 4406; x_wconf 85' lang='lat' dir='ltr'><strong>nisi</strong></span> <span class='ocrx_word' id='word_1_337' title='bbox 365 4369 399 4408; x_wconf 88' lang='lat' dir='ltr'><strong>ce</strong></span> <span class='ocrx_word' id='word_1_338' title='bbox 420 4369 481 4425; x_wconf 75' lang='grc' dir='ltr'><strong>ηοω</strong></span> <span class='ocrx_word' id='word_1_339' title='bbox 504 4349 630 4407; x_wconf 88' lang='lat' dir='ltr'><strong>continet</strong></span> <span class='ocrx_word' id='word_1_340' title='bbox 644 4349 788 4406; x_wconf 86' lang='lat' dir='ltr'><strong>oraculum</strong></span> <span class='ocrx_word' id='word_1_341' title='bbox 804 4348 882 4416; x_wconf 88' lang='lat' dir='ltr'><strong>illud,</strong></span> <span class='ocrx_word' id='word_1_342' title='bbox 896 4351 967 4406; x_wconf 69' lang='grc' dir='ltr'>διάει</span> <span class='ocrx_word' id='word_1_343' title='bbox 983 4358 1008 4406; x_wconf 85' lang='lat' dir='ltr'><strong>te</strong></span> <span class='ocrx_word' id='word_1_344' title='bbox 1028 4347 1178 4405; x_wconf 80' lang='lat' dir='ltr'><strong>laudabunt</strong></span> <span class='ocrx_word' id='word_1_345' title='bbox 1189 4347 1299 4420; x_wconf 78' lang='lat' dir='ltr'><strong>fratres</strong></span> 
     </span>
    </p>
   </div>
   <div class='ocr_carea' id='block_1_7' title="bbox 712 4462 797 4518">
    <p class='ocr_par' dir='ltr' id='par_1_9' title="bbox 712 4462 797 4518">
     <span class='ocr_line' id='line_1_40' title="bbox 712 4462 797 4518; baseline -0.012 -18"><span class='ocrx_word' id='word_1_346' title='bbox 712 4462 797 4518; x_wconf 81' lang='lat' dir='ltr'><strong>oga</strong></span> 
     </span>
    </p>
   </div>
   <div class='ocr_carea' id='block_1_8' title="bbox 0 0 1570 4722">
    <p class='ocr_par' dir='ltr' id='par_1_10' title="bbox 0 0 1570 4722">
     <span class='ocr_line' id='line_1_41' title="bbox 0 0 1570 4722; baseline 0 1"><span class='ocrx_word' id='word_1_347' title='bbox 0 0 1570 4722; x_wconf 95' lang='lat' dir='ltr'><strong> </strong></span> 
     </span>
    </p>
   </div>
  </div>
 </body>
</html>
