3120 4716
251 257 317 323 870
700 257 884 323 EUSEBII
1333 273 1492 340 p.439-

253 460 331 516 νους,
352 421 643 533 ίανμονιζομένονς,
664 433 723 505 καὶ
748 425 1046 532 σεληνιαζομένους,
1069 431 1129 503 καὶ
1155 443 1353 530 παραλυτι-

252 549 339 648 nois,
359 559 418 630 καὶ
443 549 652 654 ἐθεράπευσεν
677 549 806 647 αὐτους,
826 557 885 630 aui
906 547 1126 642 ἠκολούθησαν
1145 554 1234 655 αὐτῷ
1253 551 1352 646 ίχλοι

229 687 379 758 οπολλοὶ
397 676 469 757 oiri
488 675 547 768 τίνι
566 681 777 762 Γαλιλαίας.
829 675 935 757 Ὄλα
959 675 996 755 δὲ
1020 683 1133 756 ταῦτα
1160 675 1356 772 ε’κτέθειμαι

252 806 315 900 τῆς
341 802 560 906 προφητείας
582 801 698 881 ἕνεκεν
721 807 767 906 τῇ
792 803 973 907 Γαλιλαίᾳ
995 801 1088 903 μέγα
1107 807 1186 906 φῶς
1203 800 1355 880 ἔσεσθαι
1365 811 1398 925 ξ

251 927 577 1030 ἐπαγγελλομένης,
591 961 637 1031 τῃ
655 961 694 1006 τε
712 929 813 1034 χώρᾳ
830 925 1031 1022 Ζαβουλὼν
1048 929 1106 1006 καὶ
1127 927 1353 1031 Νεφθαλείμ,

252 1051 415 1158 οὐδε-τερα
439 1051 670 1158 τυγχανούσῃ
694 1057 758 1142 τῆς
776 1055 975 1136 Γαλιλαίας
998 1059 1070 1130 τῶν
1095 1054 1217 1132 ἐθνῶν.
1279 1051 1354 1132 Διὰ

251 1177 290 1257 τί
307 1175 346 1255 δὲ
367 1180 425 1256 ἐπὶ
442 1182 506 1276 τῆς
524 1180 723 1262 Γαλιλαίας
740 1175 836 1257 Ιιτῶν
853 1180 965 1259 ε’θνῶν
983 1178 1048 1262 τὰς
1063 1179 1240 1261 πλείστας
1258 1179 1354 1257 ἑποι-

252 1302 368 1402 visuro
404 1302 588 1406 διατριβάς
600 1337 611 1400 ;
643 1309 720 1403 Τῆς
747 1301 916 1385 ἁπᾶνπων
947 1310 1020 1384 τῶν
1049 1305 1162 1383 ε’θνῶν
1189 1302 1355 1402 κλήσεως

251 1429 420 1531 προοίμια
451 1430 782 1527 καταβαλλόμενος·
819 1432 977 1510 ἐντεῦθεν
1008 1438 1098 1531 γοῦν
1127 1429 1382 1531 ὀρμωμείνουςε

230 1554 334 1639 trodo
365 1558 474 1636 αὑτοῦ
505 1554 667 1654 μαθητὰς
698 1556 931 1655 ἀνακέκλητο.
991 1555 1061 1636 Διὸ
1091 1554 1183 1654 μετὰ
1212 1555 1353 1660 βραχέα

251 1690 314 1761 τοῦ
337 1682 544 1784 εὐαγγελίου
567 1679 727 1784 εὑρήσεις
751 1679 824 1761 ἀπὸ
845 1686 908 1781 τῆς
933 1683 1131 1765 Γαλιλαίας
1154 1678 1218 1761 τὸν
1232 1687 1346 1762 Ματ-

250 1815 352 1888 θαῖον
380 1807 606 1907 κεκλημένου,
639 1811 697 1888 καὶ
729 1811 767 1888 ἐν
795 1809 902 1912 ἑτέρῳ
930 1807 968 1887 δὲ
995 1807 1108 1888 πάλιν
1137 1806 1200 1887 τὸν
1228 1810 1346 1889 Λευίν.

253 1937 326 2014 Καὶ
351 1934 370 2013 ὁ
394 1935 576 2017 Φίλιππος
603 1933 641 2013 δὲ
668 1933 761 2014 κατὰ
786 1933 851 2014 τὸν
867 1930 1036 2034 Ἰωάννην
1063 1932 1136 2014 ἀπὸ
1163 1932 1351 2033 Elymaida

251 2063 394 2161 ὡρμᾶτο
412 2062 451 2139 ἐκ
469 2064 532 2158 τῆς
554 2060 697 2143 πόλεως
713 2061 883 2162 Ἀνδρέου
908 2063 967 2140 καὶ
993 2059 1144 2161 Πέτρον·
1175 2062 1233 2139 καὶ
1258 2061 1392 2158 αὕτηιο

250 2183 289 2264 δὲ
306 2190 370 2284 τῆς
389 2187 588 2268 Γαλιλαίας
605 2184 662 2284 ἦν.
720 2185 843 2266 Ἀλλὰ
860 2190 919 2266 καὶ
944 2189 1027 2289 παρ’
1048 2187 1143 2293 αὐτῷ
1161 2192 1212 2293 τῷ
1238 2187 1379 2287 εὐαγ-ο

249 2317 404 2416 γελιοτῇ
434 2310 549 2412 γάμος
579 2313 717 2412 ἐγένετο
742 2315 781 2391 ἐν
810 2316 915 2416 Κανᾷ
941 2316 1005 2408 τῆς
1033 2312 1242 2407 Γαλιλαίας,
1264 2311 1351 2390 ἔνθα

249 2433 462 2542 παραδόξως
489 2438 509 2516 ὁ
540 2438 670 2538 Κύριος
689 2435 767 2516 ιτὸν
795 2437 839 2543 ἐξ
861 2440 987 2521 ὕδατος
1013 2433 1109 2516 οἶνον
1131 2435 1350 2533 μετασκευά-

250 2596 329 2658 σας,
341 2561 445 2672 ἀρχην
463 2560 570 2642 uiridi
589 2561 650 2642 τῶν
670 2566 809 2667 σημείων
823 2566 1012 2657 ἐποιήσατο,
1025 2563 1077 2642 lire
1093 2571 1151 2642 καὶ
1166 2561 1350 2670 ἐφανέρασε

130 2715 132 2720 ·
227 2685 304 2781 oria
322 2685 420 2796 ίίξαν
438 2691 547 2778 αὑτοῦ,
569 2696 628 2768 καὶ
650 2689 848 2768 ἐπίστευσαν
875 2698 902 2768 οἱ
926 2685 1090 2792 μαθηταί.
1148 2686 1226 2767 Θέα
1253 2687 1292 2767 δὲ
1318 2695 1372 2774 εἰς

248 2813 300 2913 μὴ
327 2813 414 2895 αι’πὸ
441 2823 547 2894 τοῦτο
577 2821 720 2916 πρῶτον
747 2821 811 2892 τοῦ
840 2817 1006 2915 Σωτῆρος
1032 2813 1133 2910 ἡμῶν
1161 2819 1280 2912 θαῦμα
1309 2816 1349 2894 ἐν

412 2997 429 3042 ¹¹
442 3003 654 3060 τῶν-ἁπάντων
667 3005 727 3060 add.
740 3005 770 3060 P.
786 3021 848 3058 oum
861 3003 1017 3076 interprete.
1098 2999 1107 3044 ¹
1121 3006 1152 3058 τὸ
1167 3004 1196 3059 8.

250 3180 353 3246 Ιιονιιοε,
368 3187 395 3236 el
408 3181 541 3237 damonia
556 3180 691 3246 ludentes,
703 3189 729 3237 et
744 3183 887 3246 lunaticos,
897 3189 924 3237 et
934 3181 1112 3255 paralyticos,
1124 3189 1151 3238 el
1164 3180 1280 3238 εαναὸαι
1293 3199 1348 3244 eos.

249 3260 467 3333 alioquebantur
480 3279 542 3316 ουνιε
556 3260 641 3318 turba
655 3263 745 3318 inulte
760 3280 778 3316 α
795 3260 921 3318 Galliac.
957 3258 1034 3317 Sane
1047 3261 1110 3318 haec
1123 3260 1219 3317 omnia
1232 3269 1350 3335 propter

250 3341 428 3416 prophetiam
442 3339 569 3416 exposui,
585 3359 647 3414 quae
661 3341 690 3396 iu
706 3339 824 3398 Galdaea
837 3359 973 3415 magnum
991 3341 1087 3398 lumen
1107 3341 1169 3398 fora
1188 3341 1348 3415 pollicetur,

250 3431 280 3479 ct
293 3421 323 3477 iu
343 3420 460 3496 regione
481 3421 610 3478 Zabulon
631 3439 665 3477 ac
679 3419 878 3494 Nephthalim,
893 3440 979 3495 quum
998 3431 1094 3479 tumen
1115 3429 1216 3478 neutra
1236 3421 1273 3478 sit
1288 3419 1347 3478 Ga·
1413 3485 1417 3490 ,

249 3501 323 3559 lilaea
336 3501 474 3577 gentium.
516 3501 577 3558 Cur
594 3509 688 3558 autem
706 3501 735 3557 in
751 3501 868 3558 Galilaea
881 3501 1008 3576 gentium
1023 3501 1174 3576 plurimum
1189 3501 1348 3558 diversatus

250 3581 317 3638 esti
340 3581 487 3638 Nimirum
506 3589 538 3637 ut
559 3581 685 3638 omnium
704 3581 832 3655 gentium
847 3581 1003 3638 vocationis
1013 3581 1130 3639 exordia
1150 3582 1347 3646 constitueret,

249 3662 355 3719 etenim
368 3661 434 3718 iude
448 3660 589 3735 profectos
603 3659 756 3734 discipulos
770 3679 837 3718 suos
851 3662 987 3719 evocavit
1019 3661 1160 3723 Quocirca
1172 3662 1268 3735 paullo
1281 3669 1348 3735 post

249 3741 279 3798 iu
300 3742 399 3799 eodem
420 3742 568 3816 evaugelio
587 3741 712 3798 invenies
726 3741 898 3798 Mattianum
912 3742 947 3798 de
962 3741 1080 3800 Gulilaea
1093 3751 1225 3798 vocatum
1238 3741 1346 3798 fuisse:

249 3830 279 3878 et
294 3822 323 3878 in
336 3823 391 3880 alio
405 3841 501 3878 rursus
515 3821 597 3878 Levi.
640 3819 790 3896 Philippus
810 3830 915 3887 autem,
931 3830 962 3879 ut
981 3822 1056 3896 apud
1070 3822 1211 3879 Joaunem
1232 3821 1346 3896 legitur.

250 3902 286 3958 de
300 3902 453 3959 Bethsaida
467 3901 609 3979 profectus
623 3908 668 3958 est
680 3899 794 3959 civitate
807 3901 930 3959 Andreae
944 3912 975 3960 et
989 3902 1087 3960 Petri:
1109 3901 1187 3976 atqui
1205 3902 1268 3959 haec
1287 3900 1349 3974 ipsa

250 3989 311 4037 erat
326 3982 458 4038 Galilaeae.
500 3980 676 4050 Quinetiam
697 3982 773 4056 apud
791 3982 911 4039 eundem
926 3983 1129 4058 evangelistam
1145 3981 1251 4055 nuptiae
1264 3981 1348 4037 factes

250 4068 318 4116 sunt
337 4060 366 4116 iu
385 4061 465 4118 Caua
483 4061 617 4127 Gnldaeae,
639 4061 687 4118 ubi
707 4081 794 4136 quum
814 4063 954 4120 Dominus
972 4062 1175 4120 admirabiliter
1194 4079 1296 4136 aquam
1316 4061 1348 4116 in

133 4164 190 4201 au.
250 4141 347 4194 vinum
368 4148 579 4208 commutasset,
597 4142 791 4199 miraculorum
810 4144 908 4200 ididam
928 4143 1037 4200 initium
1052 4141 1134 4218 fecit,
1154 4159 1207 4216 ιμο
1228 4149 1349 4214 tempore

250 4216 399 4272 declaravit
420 4217 538 4287 glorium
553 4238 631 4275 sunm
650 4228 678 4275 ει
696 4223 866 4279 aediderunt
886 4226 915 4278 ia
933 4241 994 4278 eum
1012 4223 1146 4296 discipuli.
1188 4220 1348 4278 Considera

249 4310 317 4348 vero
337 4311 405 4348 uum
426 4293 480 4348 hoo
497 4293 590 4366 ipsum
611 4298 733 4370 primum
750 4299 904 4358 Salvatoris
921 4302 1012 4360 nostri
1029 4301 1204 4366 miraculum.
1218 4299 1294 4374 quod
1314 4299 1347 4355 in
