3120 4716
267 233 332 298 872
717 233 904 300 EUSEBII
1349 254 1381 316 p.
1392 251 1504 311 440-

265 397 421 483 στόλους
441 402 460 478 ὀ
488 399 616 501 Σωτήρ
635 401 692 478 καὶ
715 401 846 501 Κύριος
864 401 964 498 ἡμῶν
990 398 1063 479 ἀπὸ
1087 405 1150 499 τῆς
1170 400 1372 484 Γαλιλαίας

264 525 608 626 προσκαλεσάμενος
644 525 692 605 τὰ
727 525 917 631 παράδοξα
950 533 1022 604 τῶν
1059 527 1174 628 ἔργων
1207 529 1265 605 καὶ
1303 525 1372 624 τὴν

226 655 502 732 Ηδιδασκαλίαν
532 653 649 736 αὐτοῖς
678 654 908 732 ἐπεδείκνυτο.
971 652 1302 757 Εὐφρανθήσεσθαι
1329 651 1393 732 δέε

263 775 391 860 αὐτοὺς
412 780 570 857 ἐναντίον
595 780 703 859 αὐτοῦ
728 779 750 877 ἡ
774 780 973 884 προφητεία
991 776 1148 880 θεσπίζει
1176 781 1274 879 δίκην
1293 787 1370 859 τῶν

262 905 546 1010 εὐφραινομένων
571 907 609 984 ἐν
633 908 769 1011 ἀμητῲ.
829 906 931 1012 Ποίιρ
956 904 993 984 δὲ
1019 905 1186 1012 τούτῳ,ἢ
1214 909 1294 1008 περὶ
1322 907 1368 986 οὗ

262 1030 442 1111 διδάσκων
469 1031 574 1116 αὐτὸς
601 1034 733 1133 ἔλεγεν,
759 1034 907 1136 ἐπάρατε
935 1031 1006 1117 τούς
1035 1031 1233 1138 ὀφθαλμοὺς
1261 1035 1363 1136 ὐμιῖιι,

264 1165 322 1236 καὶ
352 1154 435 1240 ἴδετε
463 1157 526 1244 rire
551 1161 678 1265 χώρας,
697 1157 745 1236 ἰ’τι
771 1163 896 1238 λευιιιιί
922 1166 983 1237 εἰσι
1008 1159 1090 1261 πρὶς
1112 1156 1257 1264 &proptu
1282 1155 1409 1252 ήθηςιο

260 1283 417 1384 Ἐδήλον
443 1285 480 1366 δὲ
506 1285 564 1366 διὰ
586 1285 722 1364 τούτων
749 1283 815 1381 τὴν
840 1290 912 1361 τῶν
937 1287 1048 1364 ἐθνῶν
1074 1282 1363 1385 ε’πισυναγωγήν·

260 1416 341 1514 περὶ
365 1419 437 1492 τῶν
460 1414 577 1492 αὐτῶν
601 1410 640 1491 δὲ
665 1412 807 1514 εἴρηται,
827 1410 874 1490 ἰ’τι
898 1409 1178 1518 εὐφρανθήσονται,
1197 1414 1228 1492 ’δι
1247 1413 1394 1517 τράποιο

224 1548 290 1621 nrt
321 1535 531 1644 διαιρούριενιι
559 1543 688 1621 σκῦλα.
747 1535 958 1636 Διελόμενοι
986 1546 1074 1639 γοῦν
1101 1543 1149 1620 είς
1176 1535 1364 1637 ἀλλήλους

260 1663 324 1747 τὰς
342 1665 459 1769 χώρας
478 1673 549 1746 τῶν
575 1667 686 1746 ἐθνῶν
711 1667 769 1743 καὶ
793 1663 859 1763 τήν
886 1665 945 1770 ὐφ’
966 1664 1069 1762 ἥλιον
1094 1670 1220 1743 πᾶσαν
1242 1669 1275 1742 oi
1296 1674 1363 1744 τοῦ

261 1795 427 1894 Σωτῆρος
453 1793 552 1892 ἡμῶν
581 1793 740 1890 μαθηταί
765 1824 803 1869 τε
833 1792 892 1869 καὶ
923 1790 1189 1890 εὐαγγελισταὶ,
1217 1789 1386 1890 ρἰυρίουςε

260 1915 368 2002 ὅσους
396 1918 621 1998 ἐσκύλευσαν
652 1918 829 2020 ἄρχοντας
857 1925 922 1994 τοῦ
953 1921 1080 1999 αἰῶνος
1110 1914 1248 2012 τούτου,
1278 1915 1363 1999 τοὺς

259 2041 432 2146 πρότερον
460 2052 532 2124 τῶν
560 2047 672 2125 ἐθνῶν
700 2051 926 2148 κρατοῦντας.
988 2044 1047 2122 Οὐ
1074 2040 1145 2141 μὴν
1173 2040 1274 2119 ἀλλὰ
1302 2046 1363 2122 καὶ

259 2168 356 2248 ἄλλο
374 2170 485 2251 αἴτιον
507 2181 571 2251 τοῦ
592 2167 907 2276 εὐφρανθήσεσθαι
926 2168 1053 2251 αὐτούς
1072 2175 1176 2274 φησι,
1194 2167 1237 2247 τὸ
1254 2166 1362 2270 ἦρθαι

258 2296 319 2375 ἀπ’
340 2298 455 2376 αὐτῶν
476 2295 539 2376 τὸν
563 2294 770 2393 σωματικὸν
795 2304 858 2376 τοῦ
886 2293 995 2393 νόμον
1021 2294 1137 2398 ζυγὸν,
1156 2291 1220 2374 τδν
1244 2295 1406 2375 πάλαιιο

256 2419 430 2525 πρότερον
454 2423 669 2519 ἐπικείμενον
689 2423 816 2518 αὐτοῖς,
838 2419 879 2500 δν
902 2423 981 2501 οὕτε
1003 2422 1103 2499 αὐτοὶ
1127 2421 1207 2500 οὕτε
1231 2424 1263 2500 οἱ
1281 2455 1357 2499 πα-

221 2549 354 2650 ιιτέρες
384 2550 501 2628 αὐτῶν
529 2547 758 2648 ἠδυνήθησαν
785 2548 984 2642 βαστάσαι.
1045 2549 1105 2627 Οὐ
1132 2546 1242 2646 μόνον
1270 2547 1308 2626 δὲ
1338 2551 1388 2626 rio

257 2675 361 2777 ζυγὸς
387 2673 567 2779 ἀφῄρηται
590 2677 716 2770 αὐτῶν,
735 2674 835 2752 ἀλλὰ
863 2680 921 2755 καὶ
948 2677 972 2773 ἦ
997 2673 1131 2776 ῥάβδος
1149 2681 1221 2753 τῶν
1245 2677 1354 2754 ἀπαι-

256 2801 422 2900 τούντων,
437 2805 459 2901 ἡ
475 2801 648 2905 πρότερον
661 2804 718 2882 ἐπὶ
736 2810 800 2881 τοῦ
818 2801 1012 2906 τραχήλου
1021 2803 1138 2882 αὐτῶν
1151 2801 1356 2900 ἐπικειμένη.

257 2936 379 3028 Δηλοῖ
396 2927 433 3008 δὲ
457 2929 539 3012 τούς
566 2931 799 3012 ἀπαιτοῦντας
827 2931 865 3007 ἐν
892 2928 1009 3036 ἑτέρῳ,
1029 2928 1156 3030 λέγων,
1177 2928 1263 3012 λαιός
1279 2963 1356 3030 μου,

257 3095 293 3151 de
308 3095 427 3152 Galilaea
443 3097 551 3153 vocetis
572 3096 707 3171 eportolis
729 3095 867 3153 mirabilia
888 3115 974 3171 opere
994 3114 1045 3153 sua
1066 3105 1096 3152 et
1116 3095 1274 3152 doctrinam
1295 3096 1356 3152 Sal-

257 3183 339 3231 vator
352 3195 385 3232 ac
398 3176 538 3233 Dominus
559 3189 656 3234 noster
672 3178 726 3234 illis
747 3178 839 3253 palam
860 3177 1007 3234 exhibuit:
1030 3177 1175 3233 laetnturoe
1193 3186 1288 3233 nutem
1307 3195 1357 3233 eos

258 3274 352 3313 coram
367 3257 428 3331 ipro
442 3257 590 3333 prophetia
604 3258 711 3315 divinet
724 3260 814 3316 instar
827 3258 984 3315 laetontium
998 3258 1027 3314 in
1042 3275 1145 3314 meere.
1187 3257 1245 3314 Sed
1259 3258 1287 3314 in
1302 3276 1358 3331 qna

258 3337 373 3394 tandem
387 3357 489 3404 merse,
504 3339 559 3395 nisi
574 3339 602 3394 irr
617 3359 650 3396 ee
664 3341 700 3396 de
715 3359 771 3415 qna
788 3341 849 3414 ipse
863 3340 982 3402 dicebat,
999 3338 1024 3395 A
1029 3340 1127 3394 ttollr'te
1141 3339 1232 3395 oculor
1245 3345 1355 3403 vestros,

257 3421 591 3493 concrepantem
613 3422 681 3477 οἰδα
700 3430 766 3477 eunt
789 3423 826 3477 ad
847 3439 953 3478 meroem
971 3416 1033 3490 jam
1054 3421 1152 3475 αιιιιοθ
1182 3418 1237 3474 His
1261 3428 1356 3475 antem

256 3502 350 3558 verbis
365 3501 493 3576 gentium
507 3501 757 3576 congregationem
774 3501 971 3576 significabat:
995 3500 1031 3556 de
1045 3498 1151 3555 eisdem
1166 3517 1235 3555 vero
1249 3499 1356 3555 dictum

257 3595 310 3647 est,
327 3585 396 3656 quod
411 3583 574 3638 laetobnntrrr
589 3591 619 3638 ut
641 3585 660 3638 ii
681 3585 728 3655 qrri
742 3583 866 3638 dividunt
880 3581 975 3657 spolia.
1018 3579 1114 3647 Quum
1136 3598 1206 3654 ergo
1227 3579 1356 3654 gentium

258 3663 332 3719 inter
353 3681 382 3719 se
399 3663 530 3736 regiones
549 3672 579 3718 et
597 3663 757 3719 universam
778 3681 840 3737 quoe
861 3663 913 3718 sub
933 3661 992 3718 sole
1013 3671 1057 3717 est
1074 3669 1180 3717 terrem
1200 3659 1356 3716 salvatoris

256 3743 348 3800 nostri
370 3743 497 3818 discipuli
519 3753 603 3817 atque
626 3743 806 3816 evengelistae
828 3743 997 3806 divisissent,
1020 3739 1239 3797 innumerabiles
1259 3741 1355 3796 oaeonli

256 3825 340 3899 hujus
363 3825 503 3899 principes
526 3822 725 3898 spoliaverunt,
747 3843 796 3880 eor
816 3823 911 3896 utique
933 3823 979 3896 qui
1002 3822 1080 3896 prius
1107 3821 1241 3896 gentibue
1265 3821 1354 3894 impe·

256 3906 366 3961 rebant.
409 3906 544 3962 Attamen
566 3905 648 3961 eliam
671 3922 782 3978 quoque
803 3923 915 3961 causam
937 3913 1157 3977 propterquam
1179 3901 1277 3958 laetitin
1298 3901 1356 3957 eirrt

256 3985 394 4041 afficiendi
409 3993 621 4051 commemoret,
636 3985 711 4060 quod
732 3985 915 4042 auferendum
930 3986 967 4040 eit
985 3984 1021 4039 nb
1040 3983 1109 4058 ipris
1123 3981 1268 4056 corporale
1282 3981 1355 4056 legis

91 4071 221 4118 Aet-ism·
252 4065 354 4139 jugum
374 4065 543 4138 jampridem
568 4066 636 4140 ipsis
661 4066 833 4140 impositum,
857 4063 933 4139 quod
956 4082 1047 4138 neque
1071 4063 1123 4137 ipsi
1148 4079 1239 4136 neque
1259 4072 1355 4136 pntres

255 4145 379 4215 ipsorum
393 4154 545 4215 potuerunt
559 4145 642 4202 ferre.
687 4146 827 4203 Caeterum
849 4165 907 4202 non
928 4144 1014 4202 modo
1031 4146 1133 4218 jugum
1154 4143 1295 4200 sublatum
1310 4152 1356 4199 eet

254 4221 290 4274 ab
311 4220 388 4291 ipeir,
407 4223 456 4275 sed
475 4223 560 4277 etiarn
580 4225 661 4297 virga
680 4227 877 4298 repetentium,
896 4243 959 4299 quae
981 4225 1059 4298 prius
1083 4224 1112 4278 irr
1133 4223 1207 4280 collo
1228 4223 1354 4298 ipsorum

255 4297 388 4369 imposita
413 4306 483 4353 eret.
526 4300 660 4358 Declarat
684 4321 769 4374 porro
796 4306 843 4378 qui
871 4305 928 4361 sint
955 4312 1116 4378 repetentes
1143 4302 1219 4368 alibi,
1247 4304 1355 4368 dicens,
