3144 4720
240 237 303 305 790
707 229 893 294 EUSEBII
1318 245 1350 307 p.
1360 224 1429 308 396
1436 256 1488 268 -

238 395 283 474 rb
301 392 436 500 μεταξὺ
460 390 754 499 προφητενόμενα
778 395 842 489 τῆς
867 387 1061 487 λειπούσης
1078 394 1160 484 μιᾶς
1179 382 1370 482 {fibnuti-d

238 527 310 617 δος,
327 518 375 598 roi
393 518 505 598 λοιπὰ
521 517 640 599 πάντα
664 515 722 598 διὰ
740 516 854 614 μέσον
871 519 934 613 τῆς
952 521 1017 594 τοῦ
1035 519 1202 616 χρησμοῦ
1221 541 1334 611 προρ-

239 648 379 750 ρήσεινς
396 647 561 748 εἰρημένα
578 648 796 738 ἐπιτελεῖται,
816 639 840 722 ἃ
858 643 916 721 καὶ
934 637 1026 720 αὐτὰ
1043 646 1168 718 τοῦτον
1187 637 1258 740 έχει
1275 637 1339 716 τὸν

239 770 383 874 τρόπον·
415 769 516 851 Meris
534 769 599 854 τδις
618 764 820 871 ἑβδομάδας
838 765 903 850 τὶς
917 763 1008 848 ioris
1025 771 1085 844 nui
1101 765 1256 870 ἑξήκοντα
1270 759 1336 850 δοί,

240 897 533 1004 ἒξιλιθριοδιὶσιται
565 903 714 1000 χρίσμα,
746 904 805 974 καὶ
837 897 942 1000 κρίμα
973 898 1031 972 obn
1060 891 1147 970 ἔστιν
1175 891 1204 970 ἐν
1231 895 1363 996 nuncid

242 1029 309 1102 Καὶ
338 1021 390 1115 rin
415 1026 514 1102 πόλιν
545 1032 604 1102 nui
634 1024 668 1100 rb
697 1019 794 1121 bbyror
821 1015 988 1124 διαφθερεῖ
1009 1017 1065 1096 riu
1098 1026 1145 1124 τῷ
1172 1014 1339 1123 ἡγουμένῳ

240 1155 285 1253 τῷ
311 1149 485 1256 ἐρχομένῳ,
507 1155 566 1226 καὶ
599 1149 841 1239 iunonis-orror
861 1147 890 1224 ὲν
917 1151 1171 1251 κατακλυσμῷ,
1193 1152 1253 1223 καὶ
1280 1141 1340 1228 ἶνις

200 1291 232 1341 8⁸
240 1269 354 1358 τέλους
385 1272 534 1374 πολέμου
562 1269 820 1373 σοντετμημιίιν
846 1273 1069 1376 ἀφανισμοῖς.
1131 1271 1202 1346 Καὶ
1228 1275 1342 1346 ταῦτα

241 1395 279 1476 δέ
308 1401 439 1500 ἐναργῆ
468 1398 534 1496 τὴν
561 1397 713 1492 ἔκβασιν
740 1395 867 1500 εἴληφε
896 1396 971 1473 κατ’
993 1391 1101 1472 αὐτὸν
1125 1394 1341 1494 Αὔγουστον
1354 1423 1384 1456 ¹0

240 1525 298 1602 καὶ
316 1523 496 1624 Ἡρώδην,
515 1527 564 1604 εἰς
582 1521 642 1604 οὓς
660 1518 724 1603 τὰς
747 1520 1001 1622 προειρημένας
1024 1516 1115 1598 ἑπτὰ
1139 1514 1340 1616 ἑβδομάδας

241 1650 606 1754 συγκεφαλαιοῦσθαί
631 1653 761 1751 φαμεν.
818 1647 919 1751 ’0δῷ
946 1655 1035 1746 γοῦν
1063 1647 1121 1724 καὶ
1149 1641 1249 1749 τάξει
1275 1653 1339 1724 τοῦ

242 1773 335 1854 κατὰ
358 1773 423 1870 τὴν
446 1771 712 1876 ἀρχιερωσύνην
734 1773 934 1876 χρίσματος
956 1770 1058 1875 μέχρι
1082 1777 1155 1850 τῶν
1172 1770 1339 1872 Ἡρώδου

242 1902 301 1978 καὶ
320 1899 534 1999 Αὐγούστου
558 1900 698 2004 χρόνων
723 1899 984 2001 διαρκέσαντος,
1002 1901 1066 1995 τῆς
1092 1909 1149 1976 ’τε
1175 1901 1340 2001 διαδοχῆς
1354 1931 1382 1980 ¹⁵

243 2032 315 2106 τῶν
345 2025 461 2104 πάλαι
492 2028 681 2129 ἀρχιερέων
713 2027 769 2105 ἐπὶ
798 2024 1041 2130 Ἀλέξανδρον
1074 2022 1137 2102 τὸν
1163 2025 1341 2125 Ὑρκανοῦ

243 2154 380 2255 πατέρα
401 2153 694 2256 περιγραφείσης,
718 2151 885 2253 Ἡρώδης
917 2149 981 2231 τὸν
998 2149 1178 2252 Ὑρκανὸν
1205 2149 1343 2230 ἀνελὼν

245 2279 357 2358 οὐκέτι
375 2284 448 2360 τοῖς
465 2280 504 2357 ἐκ
521 2278 684 2380 πατέρων
706 2279 882 2383 διαδόχοις
900 2278 1087 2384 ἐπιτρέψαι
1111 2279 1253 2379 λέγεται
1276 2275 1383 2382 τὴνρ.
1393 2311 1464 2380 397

244 2404 476 2504 λειτουργίαν,
495 2401 595 2482 ἀλλά
619 2437 715 2483 τισιν
740 2403 893 2503 ἀσήμοις
918 2407 976 2483 καὶ
1000 2403 1177 2508 ἀφανεσιν
1200 2403 1338 2505 ἀνθρώ·

203 2551 334 2616 8οποις.
393 2536 511 2610 Τοΐπο
536 2529 574 2608 δὲ
598 2533 656 2608 καὶ
679 2531 700 2607 ὁ
722 2528 887 2632 χρησμὸς
904 2528 1103 2631 προλαβὼν
1121 2530 1342 2624 *ἐθέσπισεη

243 2654 361 2753 εἰπὼν,
381 2662 440 2736 καὶ
465 2654 558 2760 perric
583 2653 647 2739 ricc
667 2651 868 2756 ἑβδομάδας
890 2655 955 2741 τὶς
980 2653 1072 2735 ἔπτδι
1098 2661 1158 2734 καὶ
1185 2655 1365 2760 ἐξήκοντος

244 2777 310 2872 δύο,
327 2780 618 2888 ἓξιλοδρενθιὶσιται
637 2784 785 2886 χρίσμα,
803 2788 862 2861 καὶ
884 2785 991 2884 κρίμα
1009 2787 1067 2862 οὐκ
1086 2779 1170 2859 ἔστιν
1189 2783 1219 2860 ἑν
1237 2786 1338 2887 αὐτῷ.

469 2943 535 3015 ibi]
552 2965 581 2997 τι
596 2944 626 2997 Ρ.
708 2941 920 3015 tenaciorem]
937 2943 1078 2998 ε’θίσπισιν
1092 2943 1123 2998 Ρ.

246 3070 339 3126 medio
371 3071 537 3145 prophetice
568 3071 768 3146 praedicuntur,
797 3071 965 3128 amandetur
992 3089 1048 3126 unu
1076 3089 1137 3144 quie
1165 3071 1272 3144 reliquo
1299 3081 1343 3128 est

246 3149 432 3216 hebdomoda,
454 3161 556 3206 caeterc
578 3151 673 3206 omnin
697 3169 871 3225 quoscunque
894 3151 968 3207 inter
993 3150 1113 3206 medium
1141 3151 1245 3206 oraculi
1270 3169 1341 3226 proc-

246 3229 398 3285 dictionem
420 3230 496 3286 dictu
516 3239 582 3286 sunt
601 3232 793 3304 perficiuntur,
808 3251 871 3305 quse
890 3231 918 3287 in
939 3231 1014 3287 huuc
1028 3231 1144 3286 modum
1158 3230 1219 3304 ipsu
1232 3250 1343 3305 quoque

246 3328 277 3366 se
292 3310 414 3366 hubent:
444 3311 513 3367 Post
527 3311 707 3367 hebdomadas
719 3319 818 3384 sepiem
833 3319 860 3368 et
876 3314 1014 3382 seminia
1033 3311 1101 3366 dnos
1119 3311 1220 3384 peribit
1242 3314 1342 3379 unctio,

245 3399 272 3446 et
278 3388 416 3462 judicium
431 3409 482 3446 non
495 3399 536 3446 est
551 3394 578 3448 in
593 3410 645 3446 eo:
668 3399 694 3447 et
709 3393 842 3448 ciuitatem
856 3400 883 3448 et
899 3400 1022 3447 sunctum
1043 3391 1176 3464 disperdet
1197 3409 1256 3446 cum
1275 3394 1345 3448 duce

245 3479 378 3527 uenturo:
401 3478 428 3526 ei
442 3473 580 3528 excidetur
594 3473 621 3526 in
636 3473 748 3535 diluuio,
763 3479 790 3527 et
804 3490 885 3544 usque
898 3473 1024 3546 adfinem
1039 3472 1103 3527 belii
1117 3472 1143 3526 in
1158 3471 1344 3544 compendium

244 3553 347 3607 redacti
368 3552 603 3607 internecionibus.
646 3551 683 3607 Et
709 3552 768 3607 hice
782 3547 906 3628 :quidem
931 3551 1109 3624 perspicuum
1132 3550 1238 3606 exitum
1261 3560 1344 3606 noctu

245 3640 311 3686 suut
325 3628 444 3705 Augusti
460 3630 638 3704 Herodisquc
654 3632 847 3705 temporibus:
871 3631 900 3686 iu
922 3649 1001 3704 quos,
1024 3649 1072 3687 ecs
1089 3631 1124 3686 de
1145 3628 1246 3702 quibus
1267 3631 1342 3686 dice-

245 3710 354 3776 bamus,
373 3719 481 3782 septem
506 3711 698 3767 hebdomadas
722 3712 911 3767 consummari
935 3713 1116 3767 affirmemus.
1159 3711 1235 3766 Num
1257 3729 1343 3784 quom

247 3807 329 3847 suum
351 3807 533 3865 progressum
562 3799 645 3865 utque
673 3791 801 3846 ordinem
828 3791 973 3864 pontificia
996 3791 1044 3846 illu
1068 3789 1164 3846 unctio
1192 3809 1281 3864 usque
1307 3790 1344 3844 ud

248 3869 393 3926 Herodem
412 3880 442 3927 ct
455 3871 618 3944 Augustum
636 3879 799 3926 constanter
816 3872 977 3938 servaverit,
993 3879 1022 3927 ct
1037 3880 1163 3926 veterum
1178 3871 1342 3944 pontificum

247 3949 387 4004 successio
415 3951 442 4004 in
467 3951 631 4006 Alexandro
656 3951 782 4024 Hyrcani
809 3963 889 4025 putre
916 3949 1094 4014 terminetur,
1120 3952 1259 4016 Herodes,
1281 3951 1344 4023 ipso

248 4028 383 4100 Hyrcouo
400 4029 558 4094 interfecto,
573 4048 631 4086 non
650 4031 769 4105 omplius
788 4031 822 4086 iis
841 4031 888 4105 qui
902 4051 919 4088 a
933 4031 1095 4105 parentibus
1109 4031 1277 4087 succedendi
1295 4031 1344 4104 jus

247 4107 384 4162 heberent
403 4108 589 4165 ministerium
608 4111 677 4166 illud
698 4113 872 4168 concessisse
892 4112 1002 4174 dicitur,
1018 4111 1068 4167 sed
1089 4111 1261 4186 ignobilibus
1282 4110 1343 4184 qui·

246 4187 365 4241 busdam
388 4186 568 4259 obscurisque
591 4190 761 4248 homiuibus.
805 4191 862 4248 Sed
886 4191 971 4248 ctiam
996 4191 1140 4247 oraculum
1161 4192 1234 4248 hunc
1254 4191 1343 4264 ipsum

246 4282 306 4319 rem
323 4264 479 4336 anticipans
498 4265 642 4329 divinavit,
659 4268 701 4324 his
715 4271 825 4328 verbis:
855 4271 898 4328 Et
914 4279 978 4344 post
1001 4271 1180 4328 hebdomadas
1199 4279 1299 4345 septem
1317 4277 1345 4326 et
