3130 4722
44 293 90 306 ·-
101 280 191 345 371.
444 262 672 328 DEMONST.
696 265 865 329 EVANG.
889 265 989 330 VIII.
1009 288 1036 330 Ι.
1247 271 1311 335 737

204 434 323 536 φυλῆς
354 432 525 536 Ἐφραὶμ,
560 437 617 513 καὶ
655 435 755 517 αὖθις
790 435 957 540 Σαμψὼν
995 439 1032 515 ἐκ
1066 442 1186 543 φυλῆς
1216 437 1307 532 Δὰν,

204 557 323 635 ἔπειτα
352 559 523 661 ἀναρχίας
551 561 668 638 αύτῶν
695 561 886 660 γενομένης
915 562 1034 661 ῆγεΐτο
1063 565 1179 641 αύτῶν
1202 564 1314 641 Ἠλεῖ

158 685 246 760 28⁹5
265 680 372 783 ἱερεύς
391 685 429 761 ε’κ
443 688 562 788 φυλῆς
577 687 675 763 Λευί.
716 687 830 764 Οὗτοι
848 685 978 769 πάντες
998 691 1112 789 κριταὶ
1131 690 1310 787 κρίναντες

185 807 269 886 ,τὸν
289 806 453 910 Ἰσραὴλ,
484 810 548 886 οὐκ
579 813 618 888 ἐκ
648 813 815 914 διαδοχῆς
836 812 964 907 Ἰούδα,
993 815 1032 892 ἐκ
1062 813 1244 919 διαφόρων
1272 814 1309 894 δὲ
1321 849 1351 882 10

207 940 335 1040 φυλῶν
353 933 512 1013 ἄλλοθεν
531 936 645 1019 ἄλλος
666 936 868 1036 γενόμενος·
896 941 954 1016 καὶ
976 938 1037 1040 ὅγε
1056 937 1144 1036 μετὰ
1163 938 1310 1022 τούτους

205 1065 346 1161 πρῶτος
373 1062 489 1137 αὐτῶν
513 1060 740 1154 βασιλεύσας
769 1059 893 1141 Σαούλ
915 1065 952 1142 ἐκ
979 1067 1097 1168 φυλῆς
1116 1062 1160 1162 ἦν
1180 1069 1307 1142 Βενια-

163 1222 198 1271 ²9
206 1185 278 1282 μίν.
341 1190 426 1267 Πῶς
454 1187 516 1264 οὖν
544 1185 596 1283 τὸ,
627 1193 684 1267 οὐκ
713 1185 869 1296 ε’κλείφει
898 1189 1009 1294 ἅρχων
1037 1189 1072 1294 ἐξ
1093 1185 1213 1278 Ἰούδα,
1239 1186 1309 1270 οὐδὲ
1408 1291 1410 1300 Ι

205 1311 378 1414 ἡγούμενος
406 1315 445 1392 ἑκ
475 1312 534 1392 nii
559 1313 663 1418 μηρῶν
689 1318 789 1394 αὐτοῦ
811 1317 874 1411 (ὡς
899 1313 943 1392 ἂν
962 1315 1116 1412 botperti]
1142 1324 1221 1420 τις,)
1251 1317 1347 1405 ἐπὶΡ·
1359 1335 1419 1406 371

204 1437 287 1523 τούς
315 1442 352 1518 ἐκ
381 1444 501 1542 φυλῆς
526 1439 644 1520 Ἰούδα
671 1441 846 1544 ἄρχοντας
875 1445 932 1521 καὶ
960 1441 1174 1541 ἡγουμένους
1202 1444 1305 1520 ἀνεν-

203 1561 405 1667 εχθῆσεται,
436 1565 495 1644 ὅτε
532 1569 719 1671 φαίνονται
757 1564 828 1645 ἀπὸ
869 1573 941 1644 τῶν
978 1563 1117 1668 χρόνων
1148 1571 1211 1664 τῆς
1244 1575 1307 1644 τοῦ

203 1689 336 1783 Ἰακὼβ
359 1695 526 1791 τελευτῆς
545 1691 642 1776 ὅλοις
665 1692 782 1771 ἔτεσιν
806 1692 912 1792 ἐγγύς
931 1727 1002 1773 που
1026 1694 1154 1796 χιλίοις
1180 1695 1243 1772 ούκ
1269 1699 1308 1772 ἐκ

204 1813 316 1914 μόνης
341 1819 404 1913 τῆς
421 1816 540 1894 Ἰούδα
566 1821 685 1921 φυλῆς
711 1818 975 1920 ’προαχθέντες
999 1818 1084 1895 ἀλλ’
1105 1817 1240 1897 ἄλλοτε
1266 1819 1330 1924 ε’ξς

205 1941 334 2039 ἄλλης,
364 1942 468 2046 μέχρι
495 1950 568 2022 τῶν
594 1947 715 2038 Δαβὶδ
743 1941 909 2047 χρύνων;
957 1951 1002 2023 Ei
1035 1943 1072 2023 δὲ
1105 1944 1196 2043 μετὰ
1227 1944 1308 2029 τούς

205 2066 399 2150 τοσούτους
418 2071 437 2146 ὁ
457 2072 580 2163 Δαβὶδ
597 2070 634 2149 οἵ
652 2104 690 2150 τε
716 2073 754 2149 ἐκ
772 2075 835 2168 τῆς
855 2069 982 2150 τούτου
1004 2074 1171 2174 διαδοχῆς
1193 2079 1304 2166 βασι·

205 2192 399 2274 λεύσαντες
432 2203 495 2272 τοῦ
524 2195 704 2274 Ἰουδαίων
738 2195 859 2276 ε”θνους
891 2198 930 2274 ἐκ
965 2200 1085 2300 φυλῆς
1114 2196 1308 2297 γεγόνασιν

204 2318 332 2417 Ἰούδα,
351 2319 451 2400 ἀλλὰ
470 2322 539 2424 χρῆ
558 2355 603 2400 σε
623 2324 746 2402 εἰδέναι
765 2322 819 2401 ὅτι
839 2323 917 2403 οὐδὲ
944 2323 1042 2405 ὅλοις
1061 2325 1306 2406 πεντακοσίοις
1318 2358 1347 2392 ¹0

205 2443 302 2522 ἔτεσι
327 2443 518 2548 διήρκεσαν
543 2446 638 2526 οὗτοι
658 2456 737 2526 ’τοῦ
762 2449 896 2530 παντὸς
915 2449 1036 2531 ἔθνους
1054 2447 1301 2542 βασιλεύσαν-

205 2601 272 2664 τες,
291 2569 391 2648 ἀλλὰ
414 2566 534 2667 μύνων
560 2577 688 2677 φυλῶν
712 2578 829 2670 τριῶν,
849 2573 906 2649 καὶ
932 2568 1011 2649 οὐδὲ
1037 2569 1133 2649 ὅλων
1160 2571 1335 2666 τούτους)

206 2697 287 2775 καθ’
309 2695 369 2778 oris
387 2697 501 2797 ἕτεροί
515 2731 606 2780 τινες
625 2696 820 2800 ἐτύγχανον
838 2705 901 2776 τοῦ
925 2697 1091 2778 πλείονος
1109 2695 1230 2778 ἔθνους
1248 2699 1307 2773 καὶ

162 2823 303 2912 3οὸλιυν
321 2858 362 2923 γε
386 2823 485 2901 ε’ννέα
503 2828 631 2925 φυλῶν
649 2822 714 2921 τὴν
736 2825 929 2918 βασιλείαν
951 2822 1139 2903 διέποντες.
1201 2819 1307 2900 Μετὰ

247 2979 292 3132 ξφ
306 2995 423 3110 supputo.
438 2977 470 3032 P.
567 2987 582 3029 ‘l
597 2998 635 3032 τις
649 2975 758 3048 οιήθεύῆ]
776 2976 872 3046 οἶηθιῖη
887 2999 924 3032 τις
941 2977 970 3030 Ρ.
1079 2985 1091 3016 ¹'
1104 2977 1262 3048 πραχθέντες
1276 2977 1304 3030 S.

207 3065 264 3109 'ov
296 3060 343 3110 τοῦ
382 3098 388 3110 .

206 3180 305 3246 postea
319 3191 404 3246 quum
419 3173 480 3229 sine
500 3171 627 3248 principe
646 3181 750 3237 esseut,
764 3173 876 3247 praefuit
891 3175 958 3249 ipsis
973 3174 1017 3231 Eli
1036 3177 1168 3232 sacerdos
1182 3175 1218 3232 de
1232 3175 1306 3232 tribu

204 3251 295 3318 Levi:
319 3253 348 3308 bi
369 3253 464 3310 cuncti
482 3253 592 3326 judices
612 3253 659 3327 qui
676 3252 842 3327 judicabant
857 3255 944 3311 lsrael
966 3273 1024 3311 non
1046 3255 1081 3312 de
1100 3274 1205 3330 genere
1219 3256 1307 3330 ipsius

205 3331 292 3396 Juda.
308 3333 358 3389 sed
376 3351 412 3389 ex
432 3333 549 3390 diversis
564 3333 693 3392 tribubus
714 3351 750 3389 ex
769 3333 824 3390 alia
844 3333 915 3391 alius
935 3334 1054 3399 oriundi.
1069 3344 1099 3391 et
1113 3336 1158 3409 qui
1174 3344 1240 3408 post
1254 3336 1306 3392 hos

205 3414 313 3488 primus
335 3414 410 3487 apud
430 3432 479 3470 eos
498 3413 607 3488 regiam
624 3413 792 3488 dignitatem
808 3415 916 3488 accepit
931 3413 1000 3470 Saul
1019 3415 1054 3470 de
1075 3415 1150 3471 tribu
1164 3415 1217 3471 fuit
1231 3415 1306 3471 Ben-

201 3493 302 3566 jamin.
345 3493 497 3562 Quomodo
518 3495 605 3569 igitur
623 3493 701 3557 illud,
716 3493 782 3549 Non
803 3496 909 3568 deficiet
925 3497 1054 3569 princeps
1074 3495 1205 3558 deludo,
1221 3512 1307 3567 neque

204 3575 261 3629 dux
282 3575 316 3629 da
329 3574 485 3647 femoribus
498 3574 564 3644 ejus,
580 3573 627 3646 (ut
641 3574 779 3649 quispiam
794 3575 914 3630 fortasse
928 3573 1091 3648 putaverit)
1108 3573 1144 3629 ad
1164 3572 1306 3648 principes

205 3653 240 3710 de
254 3653 331 3710 tribu
343 3653 419 3710 Juda
439 3672 472 3710 ac
494 3654 579 3710 duces
597 3655 743 3718 referetur,
758 3655 871 3728 quando
892 3655 1023 3710 videntur
1044 3671 1081 3708 ex
1101 3672 1157 3726 quo
1178 3663 1305 3726 tempore

206 3745 334 3789 mortuus
347 3743 392 3790 est
405 3733 497 3791 Jacob
511 3736 580 3791 totis
601 3734 806 3808 propemodum
828 3735 904 3792 mille
924 3734 1014 3798 antiis,
1030 3752 1087 3789 uon
1108 3752 1143 3789 ex
1157 3751 1214 3789 una
1230 3733 1306 3789 tribu

205 3813 293 3887 ipsios
303 3814 322 3868 J
325 3813 380 3870 uda
392 3814 520 3888 profecti,
533 3814 582 3871 sed
597 3833 633 3871 ex
648 3815 702 3870 aiio
715 3814 786 3870 alius
801 3814 937 3889 usquead
952 3824 1081 3888 tempora
1092 3811 1205 3869 David?
1220 3811 1306 3880 Quod

205 3893 229 3948 ei
250 3903 317 3967 post
330 3901 389 3950 tam
409 3894 514 3950 multos
535 3903 563 3950 et
578 3894 681 3960 David,
701 3903 730 3950 et
751 3895 799 3968 qui
820 3894 872 3969 ipsi
890 3895 981 3951 David
1003 3894 1032 3949 in
1053 3911 1143 3967 reguo
1164 3892 1240 3967 apud
1252 3893 1305 3949 Ju-

206 3972 314 4030 daicam
340 3982 457 4048 gentem
481 3983 687 4040 successerunt,
711 3974 746 4030 de
770 3975 846 4031 tribu
869 3975 946 4031 Juda
970 3975 1030 4031 nati
1059 3981 1133 4037 suut,
1158 3972 1306 4029 sciendum

205 4061 301 4109 tamen
316 4053 368 4110 tibi
382 4064 435 4122 est,
451 4055 526 4128 quod
542 4054 571 4110 hi
585 4054 637 4129 ipsi
653 4073 688 4109 ne
702 4063 779 4110 totos
794 4055 906 4128 quidem
921 4055 1093 4128 quingentos
1114 4071 1204 4109 annos
1218 4054 1306 4110 totius

204 4133 301 4207 gentis
322 4152 444 4209 regnum
465 4133 593 4192 obtinere
615 4143 777 4208 potuerunt,
792 4135 843 4190 sed
856 4133 942 4190 trium
964 4134 1112 4191 dumtaxat
1125 4134 1259 4198 tribuum,
1273 4153 1306 4190 ac

205 4231 242 4271 ne
264 4213 364 4270 harum
389 4215 502 4288 quidem
528 4214 691 4278 solidarum,
715 4213 816 4288 quippe
838 4231 923 4288 quum
945 4213 1044 4269 iisdem
1066 4213 1239 4286 temporibus
1259 4212 1305 4268 alii

205 4293 320 4368 quidam
344 4294 372 4350 in
393 4303 473 4368 parte
494 4295 588 4369 gentis
609 4294 744 4368 ampliore
764 4303 793 4350 et
812 4295 841 4349 in
856 4293 924 4349 totis
938 4311 1040 4350 novem
1055 4292 1184 4348 tribubus
1203 4309 1303 4364 regnu-

247 4409 316 4446 τοι..
333 4409 367 4446 ιι.
778 4409 793 4444 τ
809 4391 822 4445 s
