3132 4714
64 265 192 350 -328.
467 264 694 330 DEMONST.
719 265 889 330 EVANG.
914 265 989 330 VII.
1010 285 1039 328 1.
1245 263 1308 327 655

206 425 329 522 (τοῦτο
358 421 430 527 γὰρ
459 422 589 523 ἐδήλου
618 431 690 504 τῶν
717 432 829 523 μυιῶν
860 429 918 504 καὶ
945 431 1040 504 ἕτῶν
1062 429 1239 524 μελιττῶν
1263 422 1424 521 cuppa

202 551 502 658 παραδείγματα)
534 554 592 631 καὶ
620 554 678 632 ε’πὶ
708 558 823 631 πᾶσιν
849 553 872 651 ἡ
902 558 974 631 τῶν
1002 554 1113 631 ἐθνῶν
1142 548 1215 631 ἀπὸ
1247 555 1310 646 τῆς

205 677 380 781 προτέρας
409 680 553 782 ἐρημίας
579 686 627 762 εἱς
655 677 722 777 τὴν
751 677 843 759 κατὰ
867 677 963 758 θεὸν
991 677 1168 781 γεωργίαν
1195 711 1306 776 μετα·

163 803 330 905 ςιβολή;
372 811 498 886 Tarra
520 802 565 904 δὴ
590 805 652 884 οὖν
674 807 878 908 ὀφθαλμοῖς
906 803 1067 906 ὁρώμενα
1095 806 1148 888 τίς
1176 805 1240 884 οὐκ
1266 802 1331 888 due

206 932 402 1033 ἐκπλαγείη
420 930 636 1030 θαυμάσας;
668 931 735 1014 Τίς
753 930 790 1010 δὲ
810 932 852 1009 οὐ
878 931 975 1010 θείαν
994 935 1040 1014 ὡς
1060 932 1205 1028 ἀληθῶς
1224 931 1309 1026 ὁμο-

206 1056 399 1158 λογήσειεν
417 1057 462 1136 ἂν
479 1055 545 1156 τὴν
561 1054 775 1159 πρόρρησιν,
788 1057 927 1135 ἀκούων
940 1055 1076 1136 ἄνωθεν
1093 1055 1164 1157 πρὸ
1183 1057 1310 1161 χιλίων

208 1183 305 1264 ὅλων
318 1187 408 1263 ε’τῶν
421 1186 459 1263 ἐν
470 1184 616 1278 βίβλοις
634 1183 847 1282 ἀποκείμενα
865 1192 978 1263 ταῑπα
996 1186 1054 1262 καὶ
1072 1184 1309 1282 μελετῶμενα,

208 1313 250 1390 οὐ
267 1309 339 1410 μὴν
358 1310 493 1389 ἄλλοτε
511 1315 559 1393 εἷς
577 1308 682 1392 τέλος
700 1308 855 1413 ἀχθέντα
872 1307 896 1408 ἢ
914 1309 1005 1408 μετὰ
1023 1308 1088 1408 τὴν
1105 1318 1168 1388 τοῦ
1188 1313 1310 1408 Σωτῆ-
1323 1346 1351 1381 ιο

208 1469 269 1540 ρος
285 1437 386 1535 ἡμῶν
399 1437 623 1538 παρουσίαν;
657 1440 701 1515 Εἰ
715 1435 760 1535 δὴ
774 1436 837 1515 οόν
851 1434 1053 1536 θαυμάσιος
1066 1437 1087 1535 ἡ
1100 1435 1339 1539 πρόρρησις,1)

209 1567 266 1641 καὶ
297 1561 348 1641 ἔτι
380 1561 655 1665 θαυμασιωτέρα
685 1565 743 1642 καὶ
776 1563 864 1666 ὑπὲρ
894 1561 1015 1643 πάντα
1048 1561 1161 1665 λόγον
1191 1563 1213 1661 ἡ
1247 1567 1311 1660 τῆς

208 1687 440 1794 προρρήσεως
465 1689 624 1788 ἔκβασις,
643 1691 681 1769 τί
705 1695 760 1770 δεῖ
780 1689 969 1770 ιιιιὶπιστεῖν
990 1697 1020 1770 εί
1048 1692 1106 1770 καὶ
1135 1690 1156 1789 ἡ
1184 1689 1310 1793 πρώτη

208 1825 270 1897 τοῦ
288 1817 600 1924 προφητευομένου
617 1817 771 1919 πάροδος
789 1817 996 1924 παράδοξον
1010 1821 1068 1897 καὶ
1083 1815 1170 1919 ὑπὲρ
1184 1823 1309 1897 πᾶσαν

209 1945 400 2046 ἀνθρώπου
428 1945 542 2048 φύσιν
558 1941 624 2041 τὴν
646 1948 709 2042 τῆς
734 1939 905 2045 γενέσεως
929 1943 1136 2043 καταβολὴν
1155 1943 1330 2048 είληχεν,5

210 2069 317 2150 ι’νπότε
344 2074 401 2150 καὶ
424 2071 447 2170 ἡ
475 2077 548 2150 τῶν
572 2076 711 2151 λοιπῶν
736 2070 927 2169 θαυμάτων
952 2069 1101 2173 ἐναργὴς
1129 2070 1215 2175 ὄψις
1244 2073 1310 2175 οὐχ

209 2197 326 2296 ἥττων
344 2198 438 2277 οὖσα
464 2196 536 2276 ἀπὸ
564 2200 627 2295 τῆς
651 2198 823 2300 γενέσεως
849 2199 957 2276 αὐτοῦ
981 2197 1138 2300 βιάζεται
1164 2201 1222 2277 καὶ
1244 2197 1310 2296 τὴν

209 2329 282 2402 τῶν
312 2321 439 2402 ἄλλων
466 2328 538 2402 τῶν
565 2325 642 2403 κατ’
672 2322 780 2404 αὐτὸν
807 2323 1040 2427 πραχθέντων
1069 2323 1309 2428 ἀποδέχεσθαι

209 2453 405 2553 μαρτυρίαν
413 2483 424 2547 ;
455 2450 579 2530 Ἀλλὰ
592 2452 664 2555 γὰρ
678 2450 815 2534 τούτοις
828 2451 910 2557 ἑξῆς
923 2449 1013 2550 μετὰ
1024 2449 1067 2529 τὸ
1081 2458 1127 2534 εἰς
1140 2453 1309 2553 βόσκημα
1321 2482 1350 2516 10
1369 2519 1374 2528 .

210 2576 383 2680 προβάτου
413 2586 473 2656 καὶ
504 2575 750 2681 καταπιίτημιι
776 2574 855 2669 Rode
884 2581 1062 2674 συνῆπται
1088 2575 1231 2677 δευτέρα
1257 2576 1335 2658 τίςο

210 2700 409 2805 πρόρρησις
427 2703 604 2806 συγγενὴς
622 2709 667 2808 τῇ
684 2704 945 2808 προτεθειμένη,
964 2701 1143 2805 ἀρχομένη
1161 2700 1232 2780 ἀπὸ
1246 2709 1310 2780 τοῦ

517 2894 598 2946 ἕτῶν
612 2890 673 2944 add.
690 2890 721 2945 Ρ.
809 2885 958 2946 11ἀπιστεῖς
972 2888 1004 2944 P.

209 3043 286 3116 ipsos
301 3040 330 3097 in
345 3042 510 3100 servitutem
525 3042 669 3118 redigunt,
685 3043 713 3099 in
730 3044 855 3117 ipsorum
869 3051 945 3099 terra
958 3041 1118 3100 habitatio?
1143 3039 1212 3116 (hoc
1233 3041 1308 3099 enim

210 3122 409 3197 significabant
430 3141 589 3180 muscarum
612 3133 695 3198 atque
719 3141 804 3198 apum
826 3124 968 3199 exempla)
992 3132 1021 3181 et
1040 3123 1160 3199 denique
1182 3123 1308 3200 ipsarum

210 3203 338 3278 gentium
361 3221 377 3260 a
397 3203 490 3278 priore
511 3204 662 3262 solitudine
683 3204 720 3260 ad
741 3203 878 3260 culturam
896 3204 1050 3261 secundum
1070 3205 1162 3262 Deum
1181 3223 1308 3261 commu-

211 3283 303 3340 tatio?
326 3283 398 3340 Haec
416 3283 504 3358 igitur
522 3303 584 3358 quae
604 3285 693 3341 oculis
712 3293 874 3348 cernuntur,
889 3285 950 3359 quis
972 3304 1030 3340 non
1051 3283 1206 3342 admiretur
1224 3293 1308 3359 atque

210 3363 398 3438 obtupescet?
420 3364 482 3437 quis
495 3383 580 3439 porro
594 3384 652 3422 non
667 3383 732 3422 vere
746 3365 872 3422 divinum
886 3365 1008 3421 fateatur
1020 3364 1207 3421 vaticinium?
1223 3384 1309 3438 quum

210 3444 306 3502 audiat
325 3455 393 3502 ante
409 3454 486 3502 totos
506 3446 582 3502 mille
606 3465 696 3503 annos
719 3445 793 3520 apud
816 3445 938 3518 majores
958 3445 1020 3501 haec
1037 3443 1067 3499 in
1085 3444 1164 3500 libris
1183 3443 1309 3516 ipsorum

210 3525 349 3582 contineri
363 3535 392 3582 et
406 3526 519 3591 versari,
535 3545 597 3600 qum
611 3539 707 3584 tamen
720 3545 778 3583 nou
793 3525 860 3582 alias
872 3525 908 3581 ad
923 3526 1007 3580 linem
1021 3523 1209 3598 pervenerint,
1225 3541 1309 3597 quam

211 3615 276 3680 post
291 3605 446 3664 Salvatoris
459 3607 550 3664 nostri
569 3607 745 3665 adventum?
767 3605 891 3674 Quodsi
906 3603 1079 3660 admirabilis
1098 3611 1141 3660 est
1154 3601 1308 3676 praedictio,

210 3686 334 3761 itemque
355 3687 545 3744 admirabilior
563 3697 592 3745 et
611 3707 695 3762 supra
716 3705 829 3744 omnem
851 3685 990 3742 rationem
1012 3684 1099 3758 ipsius
1120 3683 1310 3758 praedictionis

211 3777 339 3833 eventus,
354 3768 422 3842 quid
436 3768 555 3843 amplius
570 3768 698 3825 dubitare
714 3786 786 3842 opus
804 3775 856 3830 est,
873 3774 966 3822 utrum
987 3765 1094 3841 primus
1114 3765 1176 3838 ejus
1196 3763 1232 3820 de
1253 3783 1309 3838 quo

210 3847 358 3922 prophetae
378 3847 532 3923 loquuntur
552 3867 690 3915 accessus,
705 3847 897 3905 admirabilem
912 3855 941 3904 et
955 3865 1040 3920 snpra
1058 3863 1171 3902 omnem
1186 3845 1309 3903 hominia

211 3938 341 3984 naturam
367 3929 410 3985 sui
434 3937 514 3986 ortus
536 3930 769 3986 constitutionem
792 3929 909 3985 sortitus
934 3928 981 3994 sit,
1004 3927 1116 4000 quando
1136 3925 1309 4000 reliquorum

212 4027 324 4082 qnoque
338 4009 537 4067 miraculorum
558 4009 707 4074 evidentia,
723 4029 785 4083 quoe
803 4009 878 4065 illius
899 4017 964 4065 ortu
984 4007 1202 4082 haudquaquam
1217 4008 1309 4065 minor

211 4097 265 4156 est,
280 4088 358 4164 cogit
379 4089 464 4147 etiam
485 4091 613 4156 aliorum,
628 4110 690 4165 quae
705 4091 779 4146 circa
795 4089 873 4146 illum
894 4097 977 4164 gesta
995 4097 1070 4153 aunt,
1085 4089 1211 4163 accipere
1227 4090 1308 4146 testi-

211 4169 363 4226 monium?
385 4170 538 4235 Caeterum,
554 4171 652 4228 ordine
674 4170 806 4246 deinceps
826 4170 871 4228 his
892 4188 954 4243 quae
976 4168 1050 4226 dicta
1071 4177 1138 4226 sunt
1151 4177 1217 4243 post
1230 4169 1308 4233 illud,

211 4249 249 4306 Ιιι
267 4269 372 4325 pascuo
392 4254 456 4316 auia,
478 4259 504 4308 ιι
524 4253 753 4308 conculcationem
774 4251 856 4314 lavia,
876 4251 987 4307 adnexa
1010 4258 1054 4307 est
1074 4249 1162 4306 altera
1181 4249 1309 4322 quaedam

210 4331 359 4403 praedictio
383 4341 507 4406 cognata
530 4333 590 4405 ejus
613 4351 675 4406 quae
699 4331 828 4405 exposita
849 4339 902 4395 est,
922 4349 984 4404 quae
1007 4329 1120 4405 quidem
1141 4329 1177 4384 ab
1194 4345 1229 4384 eo
1245 4327 1309 4382 loco
