3144 4720
69 241 196 306 -394
447 229 676 299 DEMONST.
700 234 869 300 EVANG.
892 235 992 300 VIII.
1009 254 1039 300 τ.
1249 243 1313 306 785

205 395 318 475 εἴκοσι
336 398 500 499 προστὰς
519 409 591 480 τῶν
612 402 847 505 πραγμάτων.
908 411 972 488 Εἰς
990 404 1032 484 δν
1051 403 1245 506 συνάγεται
1263 405 1338 489 τδιο

111 581 114 589 -
204 518 324 600 πάντα
346 522 419 603 ἀπὸ
443 526 587 627 πρύτου
612 528 711 612 ἔτους
727 533 919 625 βασιλείας
940 531 1062 633 Κύρου
1080 536 1138 611 καὶ
1156 536 1219 630 τῆς
1237 531 1320 610 ἀπὸ,

205 652 426 741 Βαβυλῶνος
449 651 622 732 ἐπανόδου
647 663 711 734 τοῦ
731 657 914 734 Ἰουδαίων
941 655 1063 740 ἔθνους
1090 655 1151 755 ἔτη
1179 689 1305 757 τετρα-

203 769 312 850 κόσια
344 773 564 875 ὀγδοήκοντα
593 779 666 875 δύο,
698 780 740 859 οὗ
771 780 1005 882 προέστησαν
1036 785 1219 884 ἀρχιερεῖς,
1247 782 1308 866 οὓς

202 898 358 998 ἡγοῦμαι
386 905 516 1008 χριστλν
539 903 710 1009 ι’ρριύμενιν
739 904 807 985 {urb
835 911 899 1004 τῆς
926 909 1145 1014 προφητείας
1170 906 1329 1005 ὄνομά-ε

162 1057 193 1107 rs
203 1021 338 1123 ζεσθαι.
399 1030 496 1106 Μεθ’
518 1028 578 1112 οὓς
602 1030 884 1130 τελευτήσαντος
910 1041 975 1111 τοῦ
1004 1032 1162 1113 ὑστάτου
1189 1035 1306 1112 αὐτῶν

203 1150 390 1253 ἀρχιερέως
421 1153 667 1259 Ἀλεξάνδρου
704 1157 843 1260 ἅναρχα
876 1161 935 1236 καὶ
967 1158 1226 1260 ἀπροστάτητα
1258 1158 1305 1238 τὰ

201 1283 265 1354 τοῦ
296 1277 476 1356 Ἰουδαίων
514 1278 636 1363 ἔθνους
673 1282 913 1378 ἀπολείπεται,
946 1281 1042 1362 ὥστε
1074 1288 1122 1366 είς
1153 1290 1304 1383 γυναῖκα

198 1405 409 1503 περιστῆναι
427 1401 494 1502 τὴν
511 1406 704 1500 βασιλείαν
723 1408 853 1486 αὐτῶν.
912 1414 999 1488 Τῶν
1017 1408 1054 1487 δὲ
1079 1406 1142 1487 δύο
1164 1408 1301 1488 παίδων
1312 1449 1343 1484 ιο

197 1527 487 1627 Ἀριστοβούλου
504 1533 562 1608 καὶ
578 1532 757 1634 Ὑρκανοῦ
775 1532 1058 1612 στασιασάντων
1074 1531 1166 1635 πρὸς
1184 1531 1301 1632 ἀλλή-

198 1662 295 1749 λους,
324 1654 472 1738 ε’πιστδις
502 1663 575 1739 τοῖς
601 1657 867 1758 Ἱεροσολύμοις
898 1656 1096 1758 Πομπήϊος,
1113 1659 1326 1757 Ῥωμαίωνο

199 1777 404 1880 στρατηγὸς
421 1777 481 1877 ὧν,
500 1787 593 1883 αἱρεῖ
606 1781 671 1880 μέν
689 1785 878 1890 πολιορκίᾳ
895 1782 961 1883 τὴν
979 1782 1098 1881 πόλιν,
1115 1785 1243 1882 μιαίνει
1260 1819 1300 1864 τε

156 1902 244 1997 γετὰ
262 1902 358 2005 ἄγω,
379 1906 482 2010 μέχρι
501 1913 573 1985 τῶν
595 1906 733 1987 ἀδύτων
751 1915 824 1989 τῶν
847 1914 940 2012 ἱεροῦ
964 1910 1164 2011 προελθών.
1227 1914 1298 1990 Καὶ

195 2038 309 2109 ταῦτα
330 2033 519 2129 συμβαίνει
542 2033 642 2116 ἔτους
662 2033 807 2135 πρώτου
829 2038 894 2132 τῆς
921 2036 1115 2135 ἑκατοστῆς
1138 2037 1295 2136 ἑβδομη-

195 2161 331 2254 κοστῆς
343 2155 468 2254 ἔνύτης
478 2155 738 2255 Ὀλυμπιάδος,
752 2158 842 2255 μετὰ
860 2158 1073 2262 τετρακόσια
1091 2159 1319 2260 ἔνευήκοντας

193 2281 298 2362 πέντε
327 2282 388 2382 ἔτη
416 2287 480 2380 τῆς
510 2281 631 2384 Κύρου
658 2284 857 2382 βασιλείας,
880 2285 955 2383 ἥτις
983 2285 1119 2392 ἤρξατο
1147 2289 1205 2366 ἐπὶ
1233 2292 1296 2385 τῆς
1318 2303 1322 2312 ’

158 2412 439 2506 ῃπενιηκοστῆς
473 2409 639 2507 πέμπτης
671 2408 931 2507 Ὀλυμπιάδος.
991 2410 1085 2490 Τύτε
1117 2412 1146 2491 δ’
1176 2413 1238 2491 οὖν
1275 2414 1296 2490 ὁ

196 2531 385 2632 Πομπήϊος
403 2533 497 2613 ἑλὼν
515 2532 607 2612 κατὰ
625 2533 754 2635 κράτος
771 2533 838 2633 τὴν
855 2534 1105 2637 Ἰερουσαλὴμ,
1123 2535 1188 2615 τὸν
1206 2571 1294 2638 προ·

194 2657 375 2760 ειρημένον
391 2658 680 2761 Ἀριστόβουλον
698 2660 885 2763 ἐκπέμψας
903 2659 1050 2757 δέσμιον
1067 2661 1125 2740 ἐπὶ
1141 2661 1293 2761 Ῥώμης,
1306 2705 1334 2741 ιο

192 2789 244 2890 τῷ
266 2783 394 2863 τούτου
422 2788 571 2891 ἀδελφῷ
596 2786 761 2890 Ὑρκανῷ
787 2782 854 2883 τὴν
881 2784 1147 2888 ἀρχιερωσύνην
1169 2807 1323 2889 παρα-(1

192 2993 302 3060 septem
317 2996 347 3044 et
360 2987 461 3063 viginti
476 2988 560 3044 rebus
573 2986 740 3044 Iudaeorum
755 2997 866 3063 preest.
910 2985 961 3043 Ad
978 2986 1058 3060 eujus
1072 2985 1260 3060 principatum
1274 3006 1292 3044 a

191 3067 283 3140 primo
297 3067 375 3142 regis
389 3068 458 3144 Cyri
472 3086 547 3124 anno
561 3076 591 3125 et
603 3068 622 3125 J
625 3068 730 3124 udaicae
744 3069 839 3143 gentis
857 3068 965 3126 reditus
984 3066 1019 3124 ds
1033 3067 1179 3141 Babylone
1198 3067 1290 3124 omnis

191 3165 303 3203 summa
316 3166 453 3204 annorum
475 3147 617 3223 colligitur
638 3147 909 3222 quadringentorum
927 3146 1076 3221 octoginta
1089 3147 1218 3211 duorum,
1233 3165 1290 3224 quo

190 3234 253 3283 toto
274 3237 403 3302 tempore
424 3227 573 3302 pontifices
594 3227 776 3302 prefuerunt,
796 3246 867 3302 qnos
888 3246 943 3303 ego
965 3226 1079 3301 quidem
1098 3227 1191 3284 ebriati
1214 3229 1291 3284 ducis

188 3306 378 3380 appellatione
405 3325 423 3363 a
449 3307 598 3382 prophetia
620 3307 773 3382 significari
795 3308 936 3364 arbitror:
965 3315 1030 3380 post
1057 3324 1138 3379 quos,
1163 3306 1289 3379 ipsorum

188 3387 344 3443 novissimo
364 3387 527 3444 Alexandro
549 3387 713 3452 decedente,
734 3405 781 3444 res
800 3386 966 3442 Judaeorum
989 3385 1049 3441 sine
1073 3384 1207 3458 principe,
1227 3385 1288 3442 sine

187 3466 270 3532 duee,
285 3466 428 3523 neminem
442 3467 488 3543 qui
503 3475 637 3542 praeesset
651 3467 796 3532 habentes,
812 3465 1016 3539 relinquuntur.
1060 3463 1179 3520 Factum
1194 3464 1288 3540 itaque

186 3554 240 3611 est,
255 3554 288 3603 nt
302 3565 400 3603 eorum
414 3565 535 3621 regnum
549 3547 578 3603 in
592 3547 736 3604 foeminam
752 3545 867 3602 tandem
881 3544 1022 3602 reciderit.
1063 3543 1153 3616 Cujus
1166 3542 1217 3598 tilii
1231 3543 1287 3600 duo

186 3624 372 3682 Aristobulus
391 3635 475 3701 atque
489 3627 640 3702 Hyrcanos
661 3626 728 3682 dum
743 3626 860 3682 interae
876 3625 911 3681 de
927 3623 1085 3700 principatu
1099 3622 1285 3688 contendunt,

186 3704 339 3779 Pompeius
361 3706 468 3763 Interea
491 3707 685 3762 Romanorum
710 3704 871 3779 imperator,
896 3702 1099 3777 Hierosolyma
1123 3720 1285 3776 aggressus,

187 3803 252 3842 eum
277 3784 423 3843 obsidione
445 3787 544 3842 orbem
562 3785 647 3858 capit,
666 3793 726 3842 tum
751 3803 840 3860 usqne
864 3785 900 3840 ad
922 3781 1076 3858 penetralia
1097 3781 1194 3856 templi
1219 3800 1285 3854 pro·

187 3883 303 3938 gressus
329 3883 391 3939 quoe
415 3875 514 3922 saneta
537 3865 567 3921 in
591 3865 646 3921 illis
670 3864 836 3924 dicebantur
856 3863 994 3938 profanat.
1038 3861 1076 3918 Et
1096 3862 1158 3918 hoec
1178 3861 1285 3918 Iudaeis

187 3944 319 4001 aeeidunt
332 3945 493 4002 centesimae
507 3943 723 4019 septuagesima
736 3963 819 4002 nonae
838 3942 1006 4018 olympiadis
1026 3959 1101 3997 anno
1122 3941 1222 4015 primo.
1238 3943 1286 4016 qui

186 4023 241 4079 ruit
261 4043 352 4082 annus
377 4044 393 4082 a
415 4025 484 4101 Cyri
506 4042 597 4098 regno
621 4023 915 4098 quadringentesimus
937 4021 1139 4095 nonagesimus
1160 4022 1284 4095 quintus,

187 4105 268 4178 cujus
281 4105 364 4178 regni
378 4105 488 4162 initium
503 4105 736 4179 quinquagesima
749 4104 847 4177 quinta
861 4101 1019 4177 olympiade
1033 4101 1139 4158 facturn
1154 4109 1206 4159 est.
1232 4102 1286 4158 Per

174 4182 216 4239 ,id
237 4183 324 4257 igitur
340 4185 476 4259 temporis
490 4183 640 4258 Pompeius
654 4184 681 4238 vi
699 4184 787 4256 captis
803 4181 1009 4256 Hierosolymis
1028 4191 1057 4238 et
1075 4182 1201 4238 vinetum
1216 4179 1285 4236 Ari.

187 4263 331 4320 stobulum
346 4265 467 4320 Romam
488 4264 584 4328 mittit,
600 4272 628 4320 et
643 4263 726 4336 hujus
740 4263 820 4319 fratri
835 4263 969 4337 Hyrcano
986 4261 1175 4318 sacerdotium
1190 4260 1284 4322 tradit,
1401 4339 1404 4342 Ι

230 4385 299 4422 VOL.
316 4387 350 4423 Il.
733 4385 754 4422 Μ
770 4385 799 4422 m
