3144 4720
73 272 121 284 —
131 241 207 322 396.
447 245 675 310 DEMONST.
699 246 870 312 EVANG.
894 249 993 312 VIII.
1012 268 1041 312 2.
1256 253 1320 320 789

220 405 382 506 δευτέρον
400 405 497 489 ἔτους
516 409 680 510 Δαρείου,
699 411 736 487 ἐν
755 404 784 516 ᾧ
803 408 847 487 τὰ
870 414 933 507 τῆς
952 412 1138 508 οἰκοδομῆς
1156 419 1317 512 περαιοῦ-

177 549 211 598 8⁶
219 563 289 610 ται.
329 533 515 612 Ἐντεῦθεν
533 543 622 633 γοῦν
640 541 670 612 εἰ
687 532 769 619 τοὺς
788 535 977 632 ἑπομένους
995 536 1144 640 χρόνους
1166 535 1316 637 οἰριθμή-
1327 579 1357 614 ιο

218 691 328 754 σειας,
370 661 482 762 εὕροις
523 659 569 739 civ
609 663 662 741 e’rr’
701 661 809 743 αι’ντδν
845 665 1015 764 Ἡρώδην
1056 664 1237 770 μόναρχόν
1278 682 1346 745 reb

217 784 403 883 Ῥωμαίων
431 787 657 886 Αὔγουστον,
681 791 763 868 καθ’
791 788 852 873 οδς
877 790 900 888 ῆ
928 798 991 868 τοῦ
1021 795 1187 892 Σωτῆρος
1217 791 1318 889 ῆμῶυ

216 910 370 1014 ἐπέψαυε
388 916 439 1017 τῷ
456 912 526 1018 βίῳ
541 912 690 1013 γένεσις,
705 912 751 992 rai
769 912 983 1014 τετρακόσια
999 912 1218 1017 ὀγδοήκοντα
1236 917 1317 1018 τρία

217 1035 289 1133 ἔτη,
303 1037 343 1114 oi
358 1042 448 1116 εἰσιν
465 1037 555 1117 ε’πτοί
574 1043 631 1118 καί
651 1039 823 1145 ἑξῆκοντα
835 1034 905 1119 ’δύο
923 1040 1127 1138 ἱβδομάδες,
1141 1039 1233 1120 κατὰ
1250 1041 1338 1140 ripas

176 1170 281 1248 οιτοῦ
309 1160 451 1260 Δανιὴλ
474 1166 694 1268 προφητείαν
716 1165 992 1268 περιοριζόμενα.
1042 1165 1136 1245 Ἀπὸ
1161 1166 1234 1269 γὰρ
1252 1172 1317 1266 τῆς

217 1286 417 1390 ἑξηκοστῆς
444 1293 502 1368 καὶ
532 1290 634 1389 ἕκτης
654 1289 904 1387 Ὀλυμπιάδος
932 1294 990 1371 ε’πί
1022 1289 1087 1389 τῆν
1118 1293 1316 1392 ἑκατοστῆν

216 1413 462 1514 ὀγδοηκοστὴν
480 1416 583 1515 ἕκτην
600 1418 758 1517 γίνονται
775 1416 1020 1513 Ὀλυμπιάδες
1037 1414 1173 1524 μεταξὺ
1190 1417 1315 1512 ἑκατὸν

216 1538 327 1618 εἰκοσι
346 1541 421 1638 μία,
440 1541 500 1640 ἔτη
518 1541 732 1644 τετρακόσια
754 1541 972 1643 ὀγδοήκοντα
990 1542 1164 1646 τέσσαρα,
1184 1578 1311 1647 τετρσ-
1325 1583 1355 1617 ιο

216 1666 313 1745 ετίαν
349 1670 413 1764 τῆς
448 1667 697 1766 Ὀλυμπιάδος
740 1667 949 1771 ἐπεχούσης,
987 1670 1067 1748 καθ’
1108 1668 1148 1749 ὃν
1191 1670 1314 1772 καιρὸν

217 1793 624 1893 ΑὔγουστοςῬωμαίων
640 1793 816 1889 βασιλεὺς
833 1795 1141 1874 πεντεκαιδέκατον
1159 1795 1235 1879 ἔτος
1249 1801 1337 1896 τῆςο

216 1919 405 2009 βασιλείας
442 1919 588 2026 ε’πέχωνῖ
607 1919 793 2019 Αἰγύπτου
834 1927 956 2021 κρατεῖ
971 1920 1047 2030 :xci
1084 1925 1148 2019 τῆς
1185 1927 1314 2021 λοιπῆς

217 2045 429 2143 οἰκουμένης,
463 2047 521 2151 ὑφ’
556 2045 598 2124 οὗ
630 2051 770 2147 πρῶτος
803 2044 1016 2153 ἀλλόφυλος
1050 2048 1216 2149 Ἡρώδης
1248 2047 1314 2148 τὴν

215 2178 287 2249 τῶν
313 2173 493 2250 Ἰουδαίων
525 2173 749 2276 ἐγχειρίζεται
785 2173 987 2269 βασιλείαν,
1017 2179 1182 2272 γεννᾶται
1216 2173 1255 2253 δὲ
1293 2177 1312 2253 ὁ

215 2295 343 2398 Σωτὴρ
368 2301 426 2376 καὶ
451 2295 583 2399 Κύριος
607 2297 708 2395 ἡμῶν
724 2298 866 2396 Ἰησοῦς
892 2298 911 2374 ὁ
936 2294 1098 2399 Χριστὸς
1124 2305 1187 2376 τοῦ
1206 2303 1335 2395 &roias

214 2418 371 2501 κατὰτὸ
397 2421 484 2500 αὐτὸ
509 2421 779 2526 συντρεχόντων
803 2429 874 2501 τῶν
896 2419 1049 2532 χρόνωνῆ
1059 2427 1123 2522 τῆς
1140 2423 1313 2523 γενέσεως

214 2548 322 2627 αὐτοῦ
350 2552 408 2626 καὶ
440 2551 504 2646 τῆς
531 2548 831 2650 συμπληρώσεως
859 2554 931 2626 τῶν
963 2547 1062 2648 παρὰ
1091 2554 1142 2654 τῷ
1170 2547 1312 2646 Δανιὴλ

214 2673 304 2752 ἕπτδι
322 2676 381 2752 καί
402 2671 575 2778 ἑξήκοντα
593 2675 667 2752 τκοιί
687 2672 750 2752 δύο
772 2671 993 2769 ἑβδομάδων·
1024 2673 1104 2768 μεθ’
1125 2669 1168 2756 ἃς
1193 2675 1313 2776 διηρη-

213 2798 318 2897 μεύης
346 2801 404 2878 καί
427 2797 568 2901 μακρὰν
595 2798 918 2904 ἀπεσχοινισμένης
940 2797 1029 2897 μετὰ
1056 2803 1214 2877 πλεῖστα
1239 2797 1311 2876 ὅσα
1323 2836 1352 2871 10

668 2955 734 3007 Ι’καί
747 2955 807 3008 edd.
823 2953 854 3009 P.

212 3081 273 3130 est:
297 3073 362 3131 inde
375 3071 471 3149 [igitar
495 3074 519 3130 si
543 3083 672 3147 tempora
695 3092 757 3147 quae
773 3069 941 3147 Jsequantnr
964 3091 1105 3140 numeres,
1127 3073 1254 3131 invenias
1276 3074 1312 3130 ad

212 3152 302 3226 ipsum
325 3173 413 3228 usqne
434 3155 579 3210 Herodem
604 3163 633 3210 et
652 3153 835 3210 monarcham
856 3154 1050 3210 Romanorum
1072 3156 1243 3228 Augustum,
1259 3154 1312 3211 sab

212 3233 313 3306 quibua
335 3233 491 3291 Salvatoris
512 3233 602 3290 nostri
622 3242 701 3289 ortus
721 3232 787 3288 vitae
805 3233 952 3288 hominum
971 3233 1072 3296 illuxit,
1088 3234 1312 3307 quadringentos

212 3315 359 3387 octoginta
372 3323 431 3371 tres
445 3333 535 3370 annos
549 3313 696 3378 contineri,
711 3312 758 3385 qai
779 3321 888 3385 septem
902 3321 931 3368 et
945 3312 1094 3388 sexaginta
1108 3313 1226 3368 duarum
1241 3313 1310 3369 heb-

212 3391 365 3449 domadam
388 3413 525 3450 summam
550 3392 705 3450 secundum
722 3391 809 3464 ipsias
827 3391 930 3448 Daniel
950 3391 1126 3464 prophetiam
1147 3391 1310 3448 conficiant.

212 3472 239 3526 A
260 3474 439 3547 sexagesima
458 3475 533 3531 enim
555 3481 637 3529 sexta
657 3471 817 3546 olympiade
839 3471 874 3528 ad
899 3471 1082 3526 centesimam
1105 3471 1310 3544 octogesimam

212 3559 319 3608 sextam
333 3554 507 3611 intermediae
522 3553 696 3630 olympiades
710 3550 883 3624 colliguntur
896 3560 1010 3606 centum
1025 3558 1053 3605 et
1063 3549 1164 3624 viginti
1180 3569 1247 3606 una:
1263 3549 1311 3622 qui

212 3640 278 3688 sunt
294 3634 361 3688 anni
383 3633 582 3708 quadringenti
603 3631 750 3706 octoginta
771 3638 900 3704 quatuor,
915 3629 1034 3703 singulis
1056 3629 1152 3702 ntique
1173 3629 1309 3704 olympIa-

212 3711 296 3768 dibus
317 3723 469 3787 quaternos
490 3732 580 3770 annos
601 3710 821 3770 continentibus.
864 3710 930 3779 Quo
947 3718 1075 3782 tempore
1089 3711 1237 3784 Augustus
1252 3710 1309 3765 Ro-

212 3809 361 3849 manomm
375 3812 423 3851 rex
438 3793 708 3868 quintumdecimum
723 3791 766 3847 sui
780 3791 861 3865 regni
876 3809 982 3847 annum
999 3808 1088 3864 agene
1107 3799 1135 3846 et
1149 3790 1311 3864 AEgyptnm

212 3879 243 3927 et
269 3873 408 3948 reliquum
436 3875 534 3931 orbem
561 3883 699 3930 terrarum
728 3871 847 3946 imperio
875 3871 1004 3928 obtinet:
1039 3869 1091 3926 aab
1120 3889 1176 3944 qao
1203 3870 1311 3943 primas

212 3950 295 4009 alieni
309 3955 423 4029 generis
441 3955 571 4011 Herodes
584 3953 603 4010 J
606 3955 748 4010 udaeoram
763 3951 865 4024 accipit
879 3969 1008 4025 regnum,
1023 3957 1052 4006 et
1066 3948 1198 4006 Salvator
1211 3949 1310 4006 Domi·

213 4049 321 4107 nusqne
336 4044 433 4092 noster
446 4035 540 4098 leena,
555 4034 603 4107 qni
617 4027 811 4108 Christuslest
825 4031 891 4096 Dei,
907 4031 1041 4098 nascitur,
1057 4030 1123 4086 dam
1139 4030 1268 4086 videlicet
1282 4037 1312 4086 et

213 4123 292 4171 ortus
317 4115 391 4171 illiue
411 4124 524 4190 tempus
549 4123 578 4169 et
600 4120 707 4186 septem
734 4128 766 4166 ac
790 4111 940 4183 sexaginta
962 4112 1079 4166 duarum
1103 4109 1311 4167 hebdomadum

213 4193 288 4256 linis,
304 4194 339 4250 de
361 4195 463 4268 quibus
483 4193 607 4269 loquitur
627 4189 765 4266 propheta
780 4190 890 4252 Daniel,
906 4190 935 4246 in
956 4190 1030 4247 idem
1052 4197 1232 4254 concurrant,
1247 4198 1312 4263 post

213 4292 383 4348 quaequam
405 4287 581 4350 segregetur,
597 4280 625 4330 et
646 4269 759 4346 longius
777 4279 842 4344 poet
862 4269 989 4344 plurima,
1005 4269 1180 4326 eavidelioet
1199 4287 1261 4343 que
1283 4267 1312 4322 in
