3132 4714
258 243 324 310 640
709 245 894 312 EUSEBII
1335 235 1514 330 ogno—

257 414 310 486 ιιαί
334 416 366 485 ἐν
385 425 458 492 ταῖς
480 419 651 513 τρῶγλαις
672 421 738 487 τῶν
754 420 892 512 πετρῶν,
909 414 961 484 καί
988 416 1030 491 είς
1053 411 1099 485 τὰ
1125 417 1286 502 σπὴλαια,
1302 414 1355 485 καί

258 533 301 607 είς
317 535 431 602 πᾶσαν
446 527 589 626 ῥαγάδα,
607 529 658 601 καί
677 533 709 602 ἐν
725 531 827 602 παντί
845 527 942 624 ξύλῳ.
993 528 1055 601 Ἐν
1070 537 1114 625 τῇ
1137 529 1238 627 ἡμέρᾳ
1258 529 1355 624 ἐκείνᾳ

257 644 387 740 ξυρὴσει
406 645 530 743 Κύριος
554 648 587 717 ἕν
608 653 658 738 τῷ
682 644 767 744 ξυρῷ
792 652 841 738 τῷ
866 643 1013 738 μεγάλᾳ,
1039 652 1087 738 τῷ
1114 646 1355 736 μεμισθωμίνιρ,

257 761 361 858 πέραν
382 768 445 833 τοῦ
468 768 624 846 ποταμοῦ
648 763 814 850 βασιλέως
830 760 1024 858 Ἀσσυρίων,
1047 762 1108 844 τὴν
1129 761 1286 857 κεφαλὴν,
1302 761 1354 831 καί
1363 795 1396 860 p,
1406 794 1482 861 321

217 873 318 963 ςετάς
333 877 454 973 τρίχας
470 883 535 948 τῶν
552 877 669 962 ποθῶν,
686 878 739 948 καί
757 875 817 948 τὸν
834 879 974 969 πώγωνα
991 876 1121 973 ἆφελεῖ.
1173 876 1242 946 Kat
1259 878 1354 948 ἔσται

256 991 289 1062 ἕν
304 998 349 1084 τῇ
371 992 472 1089 ἡμέρᾳ
495 993 603 1088 ἐκείνᾳ,
622 991 744 1090 θρέψει
770 990 939 1089 ἅνθρωπος
965 988 1104 1075 δάμαλιν
1120 993 1209 1079 βοῶν
1225 991 1277 1062 καί
1300 991 1354 1063 δύο

256 1108 429 1204 πρόβατα,
446 1109 499 1179 καί
521 1110 618 1180 ἔσται
643 1106 712 1180 άπό
734 1114 796 1180 τοῦ
817 1116 980 1179 πλεῖστον
1001 1117 1106 1178 ποιεῖν
1123 1104 1225 1200 γάλα,
1244 1105 1355 1204 φάγε-

256 1252 313 1292 ται
335 1223 509 1321 βούτυρον,
529 1224 582 1295 ὅτι
605 1224 768 1320 βούτυρον
783 1215 835 1293 καί
856 1221 932 1305 μέλι
951 1217 1101 1317 φάγεται
1124 1226 1191 1300 πᾶς
1212 1223 1231 1293 ὁ
1254 1253 1377 1307 κατα-5

216 1357 248 1410 69
256 1338 405 1434 λειφθείς
425 1339 479 1409 ε’πί
502 1346 560 1421 τὴς
578 1346 647 1431 γῆς.
699 1337 769 1408 Καί
793 1338 891 1410 ἔσται
916 1337 950 1406 e'u
971 1340 1014 1432 τῇ
1041 1337 1142 1433 ἡμέρᾳ
1168 1338 1265 1431 ἐκείνῃ
1290 1344 1356 1414 πᾶς

255 1453 372 1538 τόπος,
390 1450 428 1526 ού
444 1449 500 1525 Ιιίν
515 1454 575 1524 ὦσι
593 1453 699 1550 χίλιαι
717 1449 861 1536 ἄμπελοι
886 1452 1002 1547 χιλίων
1019 1452 1147 1534 σίκλων,
1166 1455 1209 1528 εἰς
1232 1455 1356 1551 χέρσον

254 1571 389 1642 ἔσονται
412 1570 464 1642 καί
488 1572 530 1646 είς
555 1566 705 1651 ἄκανθαν,
722 1565 808 1650 μετά
834 1567 953 1654 βέλους
977 1567 1030 1639 καί
1057 1563 1262 1660 τοξεύματος
1288 1569 1356 1639 είσ·

255 1686 444 1757 ελεύσονται
462 1686 533 1767 ἐκεῖ,
551 1683 604 1755 ὅτι
622 1685 745 1780 χέρσος
761 1683 814 1753 καί
831 1680 955 1754 ἄκανθα
970 1683 1067 1753 ἔσται
1085 1688 1180 1752 πᾶσα
1198 1685 1216 1764 ἡ
1235 1691 1289 1775 γὴ,
1302 1684 1354 1755 καί
1366 1723 1399 1759 ιο

255 1807 323 1871 πᾶν
337 1801 413 1898 ὅρος
429 1801 668 1896 άροτριιίιμευον
685 1799 975 1895 άροτριαθὴσεται.
1027 1798 1078 1868 Oti
1093 1799 1138 1882 μὴ
1155 1798 1277 1892 ἐπέλθῃ
1294 1799 1358 1868 ε’κεῖ
1363 1815 1386 1881 b

256 1916 380 2012 φόβος.
422 1913 555 1986 Ἔσται
581 1912 649 2008 γάρ
671 1912 740 1985 ἀπὸ
756 1922 814 1997 τῆς
836 1914 961 2010 χέρσου
978 1913 1043 1984 ‘sai
1066 1911 1203 1996 ἀκάνθης
1226 1916 1270 1990 είς
1293 1914 1356 2001 βο-

256 2061 363 2113 σκὴμα
381 2027 560 2126 προβάτου
575 2029 627 2100 καί
644 2027 870 2113 κατοπάτὴμα
886 2029 980 2116 βοάς.

215 2179 248 2231 ⁶0
311 2165 485 2241 Τοσαῦτα
512 2160 661 2241 ἔσεσθαι
693 2163 731 2241 έν
757 2165 803 2264 τῇ
834 2159 947 2266 ἡμέρᾳ
977 2167 1040 2239 τοῦ
1067 2158 1302 2258 Ἐμμανουὴλ
1330 2159 1354 2259 ἡ

254 2296 423 2391 παροῦσα
436 2288 636 2395 προφητεία
648 2287 812 2392 περιέχει·
834 2285 925 2390 ἅπερ
941 2287 1065 2372 ὁποίας
1079 2286 1194 2390 ἔχεται
1209 2286 1377 2388 temptans

254 2413 330 2517 ὥρα
347 2419 508 2513 διελθεῖν,
527 2412 594 2513 πὴν
608 2412 764 2493 διάνοιαν
783 2411 1081 2512 έπιτεμνομένους.
1117 2417 1233 2521 Συριεῖ,
1249 2415 1353 2518 φησὶ,

255 2541 369 2650 Κύριος
386 2545 504 2647 μυίαις
523 2542 552 2622 ἓν
571 2549 609 2655 τῇ
626 2538 729 2650 ἡμέρᾳ
748 2543 859 2656 ἐκείνᾳ,
876 2542 913 2620 ¹¹¹3
935 2539 1090 2648 κυριεύσει
1109 2539 1222 2644 μέρους
1235 2575 1349 2620 πυτα-

252 2671 318 2774 μοῧ
337 2667 520 2771 Αἰγύπτου,
541 2673 601 2748 καί
621 2669 661 2774 τὴ
676 2668 835 2782 μελίσσᾳ,
855 2669 875 2760 ἡ
895 2667 982 2746 ἐστιν
998 2667 1028 2747 ἓν
1045 2667 1143 2776 χάρᾳ
1159 2668 1348 2771 Ἀσσυρίων.

214 2819 243 2872 61
254 2800 344 2880 Ταῖς
365 2794 430 2896 μέν
447 2792 635 2898 προτέρως
653 2795 924 2896 είδωλολατρῶυ
941 2795 1082 2895 ἀνδρῶν
1099 2797 1235 2899 ψυχαῖς
1253 2790 1276 2893 ἡ
1293 2794 1351 2872 καὶ
1363 2831 1397 2867 ιο

294 2983 306 3014 ¹
321 2975 365 3029 ἐὰν
379 2975 411 3030 Ρ.
504 2971 517 3014 λ
530 2995 582 3028 σου
595 2973 650 3047 καὶ]
668 2993 718 3027 σου
732 2990 787 3029 om.
802 2973 834 3027 P.
848 2971 895 3027 ubi
908 2972 950 3026 soi
963 2989 1082 3044 supteno.
1110 2969 1189 3042 χέρὴς
1202 2991 1253 3026 σου
1266 2973 1307 3027 sni
1321 2972 1351 3027 S.

253 3063 270 3094 ¹¹
284 3051 312 3108 αί
324 3053 471 3126 κυριεύουσι
487 3053 515 3109 S.
529 3062 561 3108 ut
574 3054 646 3126 vulg.

253 3187 395 3262 speluncis,
420 3195 446 3244 et
469 3190 498 3244 iu
523 3189 596 3245 omui
617 3191 741 3254 scissura,
760 3197 786 3248 et
807 3193 835 3246 irs
859 3192 930 3246 omui
952 3189 1033 3263 liguo.
1079 3189 1111 3245 1α
1133 3189 1177 3244 die
1198 3188 1249 3244 illa
1274 3189 1352 3244 rodet

253 3267 388 3324 Dominus
403 3270 429 3323 in
444 3270 577 3326 nouacula
591 3287 701 3344 υιαᾳιια,
716 3288 775 3344 qius
787 3271 908 3327 mercede
927 3272 1060 3327 conducto
1082 3276 1130 3333 est,
1146 3269 1219 3325 uitro
1232 3269 1352 3343 fluuium

253 3350 324 3423 regis
331 3348 516 3423 Assyriorum,
526 3359 607 3424 ειιρυι
621 3358 648 3405 et
660 3352 730 3424 pilos
740 3351 850 3426 pedum,
865 3358 893 3406 et
906 3350 1016 3406 borbnm
1030 3347 1147 3428 auferet,
1161 3357 1190 3404 et
1203 3351 1255 3404 erit
1268 3349 1352 3404 indie

252 3429 313 3495 ilio,
328 3433 428 3487 nutriet
443 3431 520 3487 Ιιοιιιο
529 3429 674 3502 juvencum
691 3431 767 3488 boum
782 3436 810 3486 et
824 3430 896 3487 druos
910 3447 979 3496 ones,
994 3435 1021 3486 et
1034 3434 1087 3488 erit
1100 3447 1134 3486 ee
1146 3447 1177 3485 eo
1196 3431 1269 3502 quod
1284 3427 1351 3503 piu-

252 3513 351 3566 rirnum
357 3510 448 3587 suoiet
463 3512 513 3576 loc,
527 3513 648 3567 comedet
663 3511 810 3584 butyrum:
832 3513 959 3586 quonium
975 3511 1100 3585 butyrum
1119 3515 1146 3566 et
1165 3507 1221 3565 mel
1232 3511 1352 3565 mmedet

252 3593 337 3648 omnis
351 3593 398 3666 qui
417 3594 528 3650 relictus
544 3592 638 3665 suerit
660 3593 687 3646 iu
707 3599 792 3657 νει-το,
806 3598 834 3646 et
851 3593 904 3648 erit
922 3590 951 3647 iu
968 3593 1013 3647 die
1031 3591 1080 3648 uta
1094 3592 1179 3647 munis
1198 3591 1272 3646 loom
1292 3589 1350 3644 ubi·

252 3689 357 3744 cunque
368 3672 481 3746 suerint
493 3673 567 3729 mille
580 3674 648 3728 uites
666 3689 717 3744 pro
732 3671 809 3728 mille
820 3670 903 3735 siclis.
918 3672 947 3726 irs
962 3679 1062 3728 terrum
1079 3673 1209 3727 irsouitnm
1223 3677 1309 3733 eruut,
1324 3677 1352 3724 et

253 3754 281 3807 in
294 3756 408 3824 spinam,
423 3771 484 3810 oum
496 3755 599 3827 sagitto
612 3759 638 3807 et
652 3769 718 3807 arou
732 3751 1001 3826 iuqredieuturilluo
1016 3754 1144 3827 quonium
1158 3757 1232 3807 terru
1246 3751 1352 3806 inculto

253 3839 280 3887 et
300 3836 378 3905 spino
399 3835 451 3889 erit
471 3835 557 3890 ortuis
578 3839 661 3898 terro,
675 3839 702 3888 et
720 3833 806 3888 omnis
823 3849 898 3888 mous
919 3834 966 3906 qui
984 3840 1093 3896 oratur,
1107 3829 1242 3888 arabitur.
1284 3828 1352 3886 Nou

252 3915 361 3968 ucoedet
375 3912 442 3968 illuc
455 3922 553 3976 terror,
568 3915 622 3968 erit
636 3914 705 3968 enim
720 3931 738 3967 ο
751 3920 825 3968 terro
840 3912 944 3968 inculto
957 3920 985 3968 et
998 3913 1077 3987 spina
1089 3913 1117 3968 irs
1129 3929 1230 3984 μοιειια
1244 3912 1309 3973 onis,
1323 3917 1352 3965 et

252 3991 282 4046 iu
303 3992 526 4049 conculcationem
547 3993 627 4048 bonis.
670 3991 741 4048 Haec
762 4004 821 4049 tsm
839 3991 930 4049 multu
950 3990 1046 4049 futuru
1066 3993 1095 4048 in
1116 3991 1163 4048 die
1182 3989 1353 4047 Emmanuel

250 4088 376 4143 praeeens
389 4071 537 4146 prophetie
550 4072 699 4146 complexo
712 4081 766 4137 est,
782 4091 844 4148 quae
859 4072 933 4146 quali
947 4073 1187 4147 contemplatione
1200 4069 1353 4128 eorumndn

253 4149 310 4203 nint
326 4150 385 4222 jum
404 4151 526 4224 experiri
540 4159 653 4226 tempus
667 4161 721 4218 est,
735 4153 826 4228 ipsam
847 4153 960 4209 interim
982 4153 1151 4210 sententiam
1173 4151 1350 4208 dividentes:

254 4227 390 4296 subitatio,
405 4229 505 4302 inquit,
520 4230 651 4287 Dominus
663 4234 759 4289 muscis
773 4235 801 4290 iu
821 4233 865 4289 die
884 4233 941 4298 ula,
957 4251 1014 4308 quoe
1034 4236 1210 4290 dominantur
1223 4233 1252 4289 ιἰι
1271 4239 1353 4304 porte

241 4305 370 4380 fluminis
388 4308 515 4383 AEgypti,
537 4317 564 4364 et
586 4313 632 4383 opt
656 4329 715 4382 ᾳιια
738 4320 777 4369 est
799 4316 828 4370 iu
850 4320 927 4371 terro
950 4315 1132 4387 Assyriorum,
1156 4312 1204 4370 ubi
1225 4312 1351 4369 virorum
