3130 4722
256 230 319 298 του
702 232 888 296 nusnnn
1331 249 1510 318 p.353-

253 424 364 487 ματος
384 394 441 469 καὶ
460 395 523 490 τῆς
542 393 646 491 ἁγίας
664 392 851 493 παρθένου,
871 391 968 475 όπως
993 426 1031 470 τε
1055 395 1112 470 καὶ
1136 395 1225 491 αῦτη
1246 394 1268 491 ἡ
1292 400 1357 471 τοῦ
1367 427 1398 461 10

256 517 391 618 Κυρίου
417 515 534 619 μήτηρ
552 516 626 596 ἀπὸ
651 517 774 618 γε’νους
800 520 859 596 καὶ
882 517 1090 619 σπέρματος
1111 519 1358 598 ἀποδείκνυνται

255 638 341 720 εἶναι
360 646 491 740 Δαβὶδ,
511 645 547 723 ἐν
568 649 620 750 τῷ
641 643 774 750 πρότιρ
792 650 865 723 τῶν
888 649 936 727 εἰς
954 641 1021 742 τὴν
1039 646 1271 746 γενεαλογίαν
1294 649 1389 723 raud

256 772 423 869 Σωτῆρος
442 769 543 867 ἡμῶν
566 767 774 872 ζητημάτων
800 773 858 848 καὶ
884 769 1027 848 λύσεων
1053 769 1285 874 διειληφότες,
1302 768 1357 850 ἐπ’

265 896 327 917 ,.
444 891 455 917 t
686 901 701 918 .
758 897 766 921 .
853 895 863 922 τ

257 1017 428 1098 ὑπόθεσιν
445 1021 715 1121 κατεπείγοντος
733 1029 796 1100 τοῦ
816 1017 991 1121 παρόντος
1010 1030 1147 1122 καιροῦ.

653 1176 719 1250 Anti
745 1209 879 1251 ΨΑΛΜΟΤ
903 1211 957 1252 on.

92 1310 229 1442 {Irpi‘io
305 1303 349 1371 Ο
367 1299 503 1379 θεός
465 1334 507 1373 το
524 1303 623 1399 κρίμα
641 1333 703 1372 σου
718 1333 766 1393 τῳ
750 1303 971 1390 βασιλεΐδ
957 1335 1000 1388 ος,
1013 1305 1065 1375 καί
1083 1337 1143 1387 την
1160 1304 1360 1386 δικαιοσύνην

112 1410 218 1492 opacos,

93 1471 190 1524 aaaron]
257 1446 318 1488 σου
334 1423 383 1507 τῷ
402 1419 455 1507 υἱῷ
473 1447 533 1488 του
518 1417 723 1503 βασιλέως.

92 1571 213 1621 “wn-
220 1577 249 1626 19
315 1550 387 1626 Καὶ
405 1546 488 1653 ἑξῆς
505 1547 673 1649 ἐπιλέγει
1368 1585 1403 1648 Ρ·
1413 1579 1488 1650 354

92 1652 174 1765 iiiii
308 1691 377 1760 Καὶ
402 1701 649 1787 συμπαραμενεῖ
662 1721 710 1782 τιρ
695 1693 818 1782 ἡλίῳ,
836 1693 888 1763 καί
912 1691 979 1834 πρό
1002 1701 1062 1774 τῆς
1084 1696 1229 1776 σελήνης,
1247 1694 1358 1783 γενεᾶς

206 1812 384 1898 Ὓγενεῦν,
400 1807 664 1946 καταβησεται*
647 1837 686 1883 ως
704 1804 813 1884 stete
829 1808 883 1878 ἐπὶ
902 1808 1017 1892 πόκον,
1033 1807 1084 1877 καί
1102 1809 1177 1879 ὡσεὶ
1195 1806 1359 1899 σταγόνες

207 1911 484 2018 στόζουσαι’
468 1921 522 1990 eni
545 1922 605 2003 την
626 1929 699 2014 γῆν.
746 1923 964 1995 Ἀνατελεῖ’
948 1954 980 1992 εν
1005 1933 1078 1999 ταῖς
1104 1924 1234 2019 ἡμέραις
1258 1923 1382 1995 neironis

257 2035 448 2118 δικαιοσύνη,
465 2065 517 2105 και
508 2035 708 2118 πλῆθος’
679 2041 809 2134 ειρῆνης,
827 2040 882 2115 ἕως
900 2068 936 2108 ου
923 2034 1205 2134 'tmanaapetp
1188 2069 1206 2120 η
1227 2041 1356 2122 σελήνη,

256 2150 308 2222 καί
338 2151 574 2246 κατακυριεύσει
604 2150 673 2222 cirri
704 2150 876 2236 θαλάσσης
901 2156 958 2230 ἕως
989 2152 1172 2239 θαλάσσης,
1201 2153 1253 2223 καὶ
1288 2150 1358 2224 ἀπό

257 2273 412 2350 ποταμοῦ
427 2267 483 2343 ἕως
500 2263 651 2361 περάτων
667 2276 725 2349 τῆς
742 2269 933 2351 οἰκουμένης.

216 2423 248 2458 ²0
314 2401 387 2475 Καὶ
405 2393 496 2494 μετὰ
513 2397 653 2500 βραχέα
671 2401 796 2502 φησὶν,

307 2541 597 2635 ’Υπεραρθῆσεται
632 2538 712 2635 ὑπὲρ
745 2537 806 2611 τόν
842 2539 994 2628 Λίβανον
1030 2543 1050 2610 ὁ
1088 2538 1212 2637 καρπός
1246 2529 1401 2642 αὑτοῦὴ)ο

248 2655 382 2726 Ἔσται
405 2652 448 2726 τό
479 2655 582 2738 ὄνομα
607 2657 709 2726 αὑτοῦ
731 2656 948 2748 εῦλογημένον
971 2657 1014 2732 εἰς
1032 2655 1129 2733 trote
1150 2659 1272 2736 αι’ὣνας,
1289 2651 1359 2750 πρδ

257 2776 318 2840 τοῦ
335 2771 427 2851 ἡλίου
443 2769 583 2854 διαμενεῖ
597 2767 639 2840 τό
661 2771 764 2854 ὄνομα
786 2773 895 2852 αὑτοῦ,
913 2770 965 2840 καί
988 2771 1301 2863 ε’νευλογηθῆσονται
1326 2770 1359 2838 ἐν

299 2933 506 3006 θΣολόμωντοτ]
524 2937 675 3003 σολόμωνος
691 2935 751 2990 RS.
861 2923 953 2990 fieris
968 2937 995 2988 S.
1104 2935 1177 2989 8an
1191 2934 1281 3006 οίῦνα]
1298 2934 1361 2990 τοὺς

258 3015 350 3068 αἰῶνας
365 3015 394 3066 Ρ.

259 3149 370 3206 qnoque
387 3132 473 3187 modo
493 3132 554 3188 haec
571 3132 659 3206 ipsius
673 3133 789 3190 Domini
803 3143 894 3191 mater
908 3133 943 3190 de
962 3151 1067 3208 genere
1087 3152 1121 3190 ex
1144 3134 1251 3191 semine
1267 3133 1359 3190 David

258 3211 345 3268 fuisse
366 3211 541 3276 ostendatur,
562 3211 591 3268 in
612 3212 703 3286 primo
728 3223 757 3270 et
778 3213 964 3288 quaestionam
987 3222 1017 3270 et
1038 3213 1302 3290 solutionumque
1323 3215 1361 3270 ad

258 3291 373 3368 generis
396 3290 553 3348 Salvatoris
574 3293 664 3350 nostri
685 3293 786 3350 seriem
807 3303 892 3368 atque
912 3293 1122 3351 enarrationem
1139 3295 1290 3369 pertinent,
1309 3314 1359 3351 ex·

258 3372 434 3448 plicavimus.
490 3371 540 3428 Ad
561 3373 610 3430 illn
631 3374 720 3448 igitar
740 3393 797 3440 eos,
824 3374 871 3449 qui
895 3374 1003 3430 discere
1027 3373 1153 3450 cupiunt,
1179 3375 1359 3439 remittimus,

259 3453 372 3528 quando
391 3453 428 3509 nd
447 3452 522 3510 nliad
536 3453 676 3510 scribendi
691 3464 890 3529 argumentum
912 3472 1037 3528 praesens
1050 3472 1104 3510 noe
1118 3463 1232 3530 tempus
1246 3463 1361 3512 revocet

259 3543 343 3609 atque
356 3533 484 3608 impellit.

654 3633 672 3671 a
689 3633 806 3672 arnano
822 3633 903 3671 axxr.
918 3633 974 3672 v11.

98 3728 132 3768 1¹⁸·
144 3735 174 3776 υ
188 3739 205 3766 ¹·
303 3719 382 3775 Dens
396 3717 531 3790 judiciam
546 3728 623 3774 tnnm
636 3722 694 3791 regi
707 3719 752 3783 da,
767 3727 794 3774 et
807 3718 946 3790 justitiam
967 3727 1042 3775 taam
1055 3720 1120 3789 fitia
1134 3719 1211 3792 regin.
1253 3722 1297 3775 Ac
1311 3719 1360 3778 do-

96 3785 227 3875 ¹¹:²0⁸?ngsp
261 3797 358 3872 inceps
371 3799 512 3873 adjungit,
527 3800 569 3855 Et
584 3801 753 3872 permanebit
773 3816 834 3855 cam
853 3800 912 3855 note
932 3807 959 3854 et
977 3807 1042 3856 ante
1058 3800 1162 3866 innam,
1174 3803 1362 3872 generationes

96 3885 205 3974 ηηιικ
260 3880 470 3952 generationum,
485 3878 625 3935 descendet
642 3879 713 3934 sinet
728 3878 858 3952 plavin'
849 3897 876 3933 nn
894 3878 987 3941 cettan,
1006 3887 1034 3934 et
1051 3879 1121 3934 nient
1141 3880 1280 3936 stillicidia
1300 3881 1359 3936 att-

96 3935 204 4035 ,ὦζὲἔη
263 3959 351 4014 tantia
364 3977 444 4031 saper
458 3965 567 4024 terram,
582 3959 710 4015 orietur
700 3977 728 4014 nn
741 3957 873 4014 diebus
847 3976 904 4029 ητις
913 3956 1035 4028 justitia,
1051 3965 1078 4014 et
1097 3959 1267 4016 abundantia
1280 3963 1362 4033 pecte

261 4038 346 4092 donec
369 4037 517 4109 aufer-utar
541 4041 615 4103 tana,
637 4047 664 4096 et
685 4037 869 4095 dominabitur
892 4056 909 4092 a
931 4041 1001 4094 muri
1029 4057 1111 4112 arque
1133 4041 1170 4095 art
1192 4046 1360 4104 merente

250 4117 371 4188 flamine
385 4135 470 4188 neque
484 4119 520 4172 art
534 4121 659 4174 terminon
673 4117 746 4174 ortis
760 4125 849 4175 terne.
892 4117 931 4174 Et
945 4127 1010 4192 post
1024 4136 1115 4192 pauca
1133 4118 1174 4174 sic
1192 4119 1242 4187 nit,
1258 4121 1359 4193 snper-

262 4193 406 4247 entattetnr
420 4213 499 4265 nuper
514 4195 651 4252 Libanum
663 4198 778 4272 fractas
793 4197 860 4270 ηὐς,
876 4200 929 4253 erit
950 4215 1043 4254 nornen
1065 4197 1125 4268 ejas
1145 4198 1310 4256 benedictam
1333 4201 1359 4254 in

261 4272 367 4335 ιαιυὶα,
391 4280 456 4326 ante
479 4274 560 4328 notem
582 4277 752 4345 permanebit
774 4295 866 4332 nomen
892 4275 960 4346 ejas,
986 4285 1013 4332 et
1036 4277 1224 4334 benedicentur
1249 4282 1276 4334 in
1304 4282 1361 4352 ipso
