3142 4720
62 259 195 324 —288.
446 259 675 327 DEMONST.
701 259 871 327 EVANG.
899 263 956 326 VI.
976 265 1024 326 18.
1242 263 1306 330 579

204 424 456 527 Ἰερουσαλὴμ,
482 432 526 511 ὡς
554 429 729 508 ἁλώσεται
758 433 776 521 ἡ
803 430 920 518 πίλιε,
950 435 1009 507 καὶ
1039 426 1085 506 τὰ
1113 425 1215 532 ε’χθρέι
1246 437 1304 507 καὶ

205 551 361 658 πολίμια
386 551 450 644 ἔθνη
472 551 716 650 συναχθήσεται
736 554 789 632 ἐπ’
808 553 918 645 αὐτην,
941 562 1000 633 καὶ
1021 548 1328 656 θιαμεριοθιὶσεταις

206 677 254 757 τὶν
278 680 398 758 σκῦλα
423 677 538 770 αὐτῆς,
558 677 699 763 εἰκότως
717 680 782 760 οὐκ
805 682 862 759 ε’πὶ
885 684 949 778 τῆς
965 677 1205 781 Ἰερουσαλὴμ
1226 679 1308 763 τοὺς

164 802 320 889 ιιπόδος
338 813 402 885 τοῦ
422 805 557 907 Κυρίου
574 802 785 904 στήσεσθοί
798 811 905 911 φησι.
962 811 1048 888 Πῶς
1066 804 1138 908 γὰρ
1156 811 1214 884 καὶ
1233 804 1308 885 οἷόν

204 963 244 1009 τε
261 930 316 1030 ἦν,
329 928 432 1038 ἅπαξ
448 930 692 1035 καθῃρημένης
708 965 717 1028 ;
750 930 1051 1026 Μετοβοὶυτωνδὲ
1067 931 1112 1038 ἐξ
1127 935 1234 1031 αὐτῆς
1251 935 1308 1012 ε’πὶ

204 1055 249 1136 τὸ
267 1058 432 1158 &napae
444 1061 508 1156 τῆς
518 1056 758 1160 Ἰερουσαλὴμ
777 1057 859 1161 ὄρος
872 1058 914 1137 τὸ
933 1059 1154 1158 καλούμενον
1166 1061 1306 1157 ἐλαιῶν,
1319 1087 1349 1122 ¹0

206 1186 359 1264 ἐνταῦθα
376 1181 583 1282 στήσεσθαι
601 1182 771 1263 διδάσκει.
813 1190 931 1264 Τοΐπο
949 1183 987 1263 δὲ
1005 1188 1062 1264 καὶ
1081 1186 1101 1264 ὁ
1118 1183 1307 1292 προφίμης

168 1305 373 1409 ΗἸεζειειὴλ
397 1314 450 1414 τῷ
477 1307 558 1415 θείῳ
583 1309 756 1408 πνεύματι
783 1310 983 1413 προλαβὼν
1007 1315 1141 1412 θεωρεῖ.
1202 1312 1332 1412 Λέγειῦ

207 1433 245 1514 δὲ
271 1435 343 1531 οὖν,
366 1443 433 1513 Καὶ
452 1434 613 1542 οἐξήγειρε
641 1433 689 1514 τὶ
717 1439 885 1542 Χερουβλμ
911 1435 975 1520 τὶς
995 1436 1166 1540 πτίρυγας
1188 1438 1306 1526 αὐταῖν,

210 1568 270 1642 καὶ
295 1571 321 1640 oi
345 1567 455 1666 τροχοὶ
483 1561 632 1666 ε’χίμειιι
660 1559 776 1651 αὑτων,
799 1569 859 1642 καὶ
880 1566 897 1654 ἡ
916 1556 1000 1668 θίξιν
1020 1563 1105 1640 Θεοῦ
1122 1560 1256 1667 Ἰσραὴλ
1276 1555 1308 1653 ἦν

209 1691 261 1767 ἐπ’
287 1691 398 1770 αὐτοῖς
430 1687 577 1791 ὑπεράνω
605 1684 721 1776 aureli,
751 1695 811 1766 sal
839 1685 940 1778 νἰνέβη
969 1690 986 1778 ἦ
1015 1679 1099 1792 θίξιν
1130 1689 1242 1792 Κυρίου
1269 1687 1307 1765 εἰι

207 1811 310 1914 με’σιυ
337 1811 394 1905 τῆς
422 1817 567 1901 πίλεως,
590 1820 649 1891 καὶ
676 1811 751 1905 ίστη
779 1814 836 1892 ἐπὶ
865 1815 921 1892 τοῦ
944 1814 1064 1919 ipone?
1093 1807 1126 1905 ἦν
1150 1807 1329 1892 ιἰπίιαιτιε

168 1937 264 2032 min
292 1945 439 2024 πόλεως.
492 1935 615 2040 Ὅπερ
639 1941 718 2017 ε’στὶ
742 1941 800 2016 καὶ
826 1938 951 2021 ἄλλως
977 1935 1069 2040 πρὸς
1094 1938 1196 2044 λε’ξιν
1220 1939 1308 2040 ὁρᾶν

206 2063 488 2166 πεπληρωμένον
506 2064 614 2145 εἰσέτι
632 2068 690 2144 καὶ
716 2062 886 2167 σήμερον,
905 2073 978 2143 τῶν
997 2073 1044 2148 εἰς
1063 2063 1228 2166 Χριστὸν
1244 2100 1308 2145 πε-

205 2189 450 2272 πιστευκότων
479 2188 648 2270 ἁπάντων
678 2187 905 2293 πανταχόθεν
934 2193 1001 2291 γῆς
1028 2188 1305 2300 συντρεχόντων,

208 2318 275 2420 οὐχ
293 2319 341 2399 ὡς
358 2315 474 2395 πάλαι
491 2320 555 2415 τῆς
575 2314 667 2395 κατὰ
684 2314 751 2414 τὴν
764 2314 1004 2419 Ἰερουσαλὴμ
1024 2315 1178 2417 ἀγλαΐας
1195 2317 1305 2410 ἕνεκα,
1318 2353 1347 2387 ιο

209 2443 281 2521 οὐδ’
302 2439 397 2520 ὥστε
415 2447 668 2544 προσκυνῆσαι
686 2445 724 2520 εὐ
740 2448 793 2547 τῷ
811 2441 925 2523 πάλαι
944 2449 1144 2521 συνεστῶτι
1168 2445 1225 2522 ε’πὶ
1245 2447 1307 2539 τῆς

207 2566 448 2672 Ἰερουσαλὴμ
467 2568 677 2669 ἁγιοίσματι,
693 2568 883 2648 καταλύειν
902 2567 940 2647 δὲ
958 2568 1072 2648 ἕνεκεν
1091 2569 1249 2668 ἱστορίας
1268 2577 1336 2646 red

206 2697 298 2793 ὁμοῦ
326 2699 389 2791 τῆς
417 2693 507 2774 κατὰ
533 2693 600 2793 τὴν
626 2695 848 2800 προφητείαν
876 2694 1050 2777 ἁλώσεως
1077 2697 1136 2772 καὶ
1163 2695 1307 2796 ἐρημίας

904 2818 923 2849 ν

207 2825 270 2918 τῆς
290 2820 540 2922 Ἰερουσαλὴμ,
568 2854 626 2899 και
653 2854 717 2918 της
744 2853 802 2900 επι
829 2853 871 2898 το
899 2852 981 2920 opor
1008 2825 1082 2898 τῶν
1108 2819 1238 2895 ἐλαιῶν
1265 2817 1308 2894 τὸ

268 2975 285 3006 ⁰
298 2967 373 3038 ε’ξῆρε
386 2967 419 3020 τὰ
432 2964 576 3037 Χερουβὶμ]
592 2964 707 3037 ε’ξὴγειρε
721 2965 753 3018 rcl
766 2965 897 3036 Χερουβὶμ
910 2965 957 3020 τὰς
970 2967 1098 3036 πτέρυγος
1112 2963 1195 3017 αὐτῶν
1210 2963 1238 3018 S.

210 3087 332 3161 quodque
346 3086 454 3142 hostiles
468 3093 551 3159 utque
565 3085 679 3141 inimica·
691 3093 783 3158 pentes
797 3087 949 3142 convenient
962 3087 1090 3142 aduersus
1103 3103 1172 3148 οαιιι,
1183 3092 1209 3139 et
1219 3084 1306 3157 spolia

210 3167 266 3238 ejus
287 3167 451 3231 dividentur,
474 3164 576 3222 merito
600 3183 658 3221 non
681 3164 710 3220 in
737 3164 915 3222 Hierusalem
939 3165 1025 3240 pedes
1044 3163 1160 3220 Domini
1182 3172 1307 3220 staturos

210 3247 293 3304 dicit:
317 3244 365 3321 qui
379 3246 454 3303 enim
468 3246 498 3303 id
518 3244 579 3302 fieri
599 3245 747 3321 potuisset.
763 3263 848 3319 quum
863 3264 898 3302 ea
911 3245 999 3304 semel
1013 3245 1124 3302 sublate
1137 3247 1233 3302 esset?
1256 3243 1307 3300 sed

212 3327 398 3403 migrantibus
418 3327 454 3382 ab
474 3345 509 3383 ea
529 3326 558 3382 iu
578 3334 705 3382 montem
726 3325 773 3399 qui
796 3336 839 3382 est
860 3335 960 3383 contra
979 3325 1167 3392 Hierusalem,
1186 3324 1233 3398 qui
1254 3324 1305 3379 oli-

211 3427 309 3465 vurum
329 3415 455 3472 vocatur,
476 3406 516 3463 ibi
536 3414 659 3464 staturos
684 3405 777 3471 docet,
800 3407 980 3479 quodetiam
1000 3405 1139 3479 propheta
1158 3403 1306 3468 iezechiel,

211 3489 306 3545 divino
321 3499 387 3544 aute
402 3487 502 3562 spiritu
521 3485 647 3551 edoctus,
662 3486 879 3561 contemplatur,
894 3485 962 3542 dicit
975 3485 1061 3550 enim,
1076 3484 1117 3539 Et
1138 3486 1308 3540 eleuuuenmt
1360 3499 1387 3538 ιι,
1399 3509 1428 3547 ιι,
1438 3510 1468 3539 ιι.

212 3567 342 3626 chernites
364 3569 425 3624 ulus
444 3587 516 3634 ειαιε,
531 3574 559 3622 et
576 3575 649 3634 τοία,
665 3585 725 3644 que
746 3570 783 3623 eis
804 3566 989 3631 adherebunt,
1003 3573 1030 3621 et
1042 3566 1134 3637 pluria
1152 3563 1206 3618 Dei
1222 3561 1309 3618 lsrael

211 3657 271 3705 erut
284 3667 367 3722 super
379 3647 430 3713 eis,
443 3656 471 3705 et
487 3647 607 3704 ascendit
626 3647 716 3720 glorta
732 3648 847 3703 Domini
859 3648 893 3703 ile
906 3646 993 3702 medio
1007 3645 1135 3708 ciuitatis,
1150 3650 1177 3698 et
1190 3644 1265 3697 stetit
1280 3644 1307 3698 in

212 3739 310 3796 munte,
330 3731 378 3803 qai
400 3737 439 3786 ert
461 3735 556 3784 contra
580 3729 725 3783 deitatem.
767 3725 852 3795 Quod
875 3725 986 3801 quidem
1009 3723 1091 3780 aliter
1112 3741 1222 3798 quoque
1244 3721 1309 3778 licet

212 3809 313 3866 intueri
328 3809 500 3882 completum
515 3807 551 3864 ad
562 3808 679 3864 verbum
690 3807 803 3882 quando
817 3806 901 3864 hodie
912 3823 1022 3881 quoque
1033 3822 1141 3870 ornnes,
1150 3803 1308 3878 quicunque

213 3889 319 3946 Christi
340 3889 505 3964 refigiouem
525 3908 590 3946 cum
608 3888 665 3945 fide
681 3887 867 3962 susceperint,
883 3907 919 3944 ex
933 3887 1065 3943 omnibus
1078 3895 1161 3942 terrae
1181 3883 1309 3959 partibus

213 3978 393 4038 concurrunt,
409 3987 465 4026 non
481 3978 514 4025 ut
527 3969 670 4043 quondam
687 3968 768 4024 festee
786 3966 932 4043 cujusdam
954 3967 1058 4024 laetitiae
1079 3967 1180 4042 gratia,
1195 3983 1258 4042 quoe
1280 3963 1308 4020 in

215 4049 391 4107 Hierusalem
413 4049 578 4114 celebretur,
593 4067 684 4122 neque
700 4055 730 4104 ut
744 4047 863 4104 adorent
878 4049 905 4104 in
921 4067 964 4110 eo,
980 4046 1056 4121 quod
1074 4046 1140 4104 olim
1159 4046 1188 4102 iu
1205 4044 1307 4101 Hieru-

214 4129 299 4186 salem
321 4131 507 4186 eonstitutum
530 4127 621 4186 fuerat
643 4127 812 4192 sanctuario,
837 4129 886 4184 sed
909 4137 940 4183 ut
964 4127 1141 4184 diverseutur
1165 4144 1250 4199 quum
1273 4124 1309 4179 ad

213 4209 413 4268 sciscitandum
434 4210 470 4266 de
491 4209 701 4283 expugnatione
723 4217 753 4264 et
770 4208 920 4264 solitudine
937 4207 1123 4271 Hierusalem,
1138 4224 1221 4279 quam
1243 4222 1307 4278 pro-

215 4290 309 4361 phetia
329 4291 508 4366 predixerat,
525 4299 584 4346 tum
600 4289 673 4345 utin
693 4298 789 4346 monte
806 4287 952 4354 olivarum,
968 4288 1014 4361 qui
1034 4295 1077 4343 est
1091 4294 1190 4342 contra
1205 4283 1307 4338 Hieru-

742 4402 783 4438 12
