3108 4708
46 276 182 340 -494
464 263 691 330 DEMONST.
716 265 885 330 EVANG.
910 269 954 331 X.
973 268 1004 330 8.
1232 268 1296 333 975

194 415 239 516 ἣν
272 419 354 526 ἑξῆς
384 420 518 525 προϊὼν
556 422 754 522 ὁΨαλμὸς
783 425 1014 527 παρείπησεν
1042 421 1160 519 εἰπὼν,
1188 423 1230 502 ab
1262 419 1296 504 di

197 545 289 650 Κύριε
306 545 354 651 μη
370 548 537 663 μακρίνης
555 548 609 640 rin
626 548 775 644 βοήθειάν
793 586 868 653 μιν,
890 559 935 634 εἰς
953 549 1007 642 την
1027 545 1210 654 aalaidis
1232 587 1296 654 μου

193 677 354 778 πρίοχες.
414 675 529 752 Ποίαν
562 675 606 773 δὴ
639 677 845 781 ἀντίληψιν,
873 677 958 756 ἀλλ’
987 674 1033 774 ἢν
1065 679 1123 755 καὶ
1150 677 1172 775 ἡ
1201 709 1293 778 προ·

195 797 319 904 γραφὴ
337 807 400 878 τοῦ
420 803 579 898 ischnon)
594 801 754 904 ᾐνίττετο
771 835 781 898 ;

156 951 185 1000 ²7
250 924 373 1004 Ἀλλὰ
397 934 510 1005 ταῦτα
533 925 598 1024 μὲν
622 927 706 1025 ἡμῖν
731 925 887 1030 εἰρήσθω
905 933 953 1010 εἰς
971 926 1037 1026 τὴν
1055 936 1118 1006 τοῦ
1136 932 1337 1026 walpoto

174 1050 420 1158 ’προγραφήα
481 1057 546 1135 Είς
565 1050 602 1131 δὲ
621 1050 663 1131 rb
682 1057 812 1133 ιιιἨλεὶ
832 1057 930 1132 Ἠλεὶ
950 1057 1058 1158 napi
1080 1052 1294 1152 οαβαχθαν),

195 1177 374 1279 εἰρημένον
391 1176 456 1275 μὲν
475 1175 543 1256 ὑπὸ
568 1186 632 1256 τοῦ
651 1182 818 1279 Σωτῆρος
835 1179 937 1277 ἡμῶν
955 1180 1073 1261 αὐτοῖς
1090 1181 1321 1278 Ἑβραίκοῐςο

194 1301 348 1401 ὀνόμασι
373 1305 454 1405 περὶ
478 1301 542 1381 τὸν
566 1312 630 1382 τοῦ
654 1302 790 1386 πάθους
809 1303 931 1405 καιρὸν
949 1305 1107 1401 κείμενον
1124 1301 1163 1383 δὲ
1182 1307 1241 1384 καὶ
1258 1308 1296 1384 ἐν

194 1435 245 1534 τῷ
263 1434 419 1536 Ψαλμῷ,
439 1428 505 1530 ὅρα
530 1428 657 1528 μήτις
681 1429 832 1529 ἔγκειται
857 1429 1037 1531 βαθυτέρα
1064 1433 1194 1531 θεωρία
1211 1433 1294 1532 παρ’

154 1553 386 1655 α8Ἑβραίοις·
435 1556 619 1652 ῐἝλωεὶμ
650 1554 722 1658 γὰρ
755 1555 775 1633 ὁ
808 1553 901 1637 Θεὸς
938 1553 1156 1659 ὀνομάζεται.
1223 1559 1296 1635 Καὶ

193 1689 298 1760 τοῦτο
326 1678 384 1760 διὰ
411 1677 533 1780 πάσης
560 1679 694 1784 σχεδὸν
723 1683 836 1782 εὕροις
863 1677 907 1758 ἂν
936 1685 999 1774 τῆς
1026 1685 1183 1787 γραφῆς·
1220 1683 1318 1760 iacis

193 1808 251 1883 καὶ
275 1806 402 1908 κυρίως
425 1806 537 1888 οὕτως
560 1805 660 1906 παρὰ
683 1813 757 1889 τοῖς
773 1805 1047 1906 Ἑβδομήκοντα
1071 1806 1121 1885 ἔτι
1146 1809 1204 1885 nai
1232 1816 1295 1886 νῦν

192 1928 435 2029 τῇἘβραίων
453 1925 659 2029 ὀνομάζεται
679 1933 794 2032 φωνῇ.
840 1938 855 1970 ⁰
869 1929 1044 2029 Φέρονταί
1059 1961 1103 2028 γε
1119 1925 1192 2025 μὴν
1209 1929 1292 2028 παρ’

193 2051 311 2134 αι’νιοΐς
334 2053 392 2130 ἐπὶ
416 2055 480 2149 τῆς
499 2051 595 2136 θείας
618 2054 865 2154 προσηγορίας
891 2056 948 2131 καὶ
975 2054 1089 2155 ἑτέραι
1116 2051 1207 2133 τινές
1232 2054 1290 2129 ε’κ-

195 2173 385 2279 φωνήσας,
413 2177 537 2280 ὥσπερ
565 2179 628 2257 οὖν
655 2182 713 2256 καὶ
740 2176 782 2257 rb
808 2180 953 2273 Σαδδαὶ,
973 2181 1031 2256 καὶ
1059 2177 1101 2256 τὸ
1123 2175 1216 2272 Ἰαὼ,
1236 2179 1293 2255 καὶ
1306 2211 1336 2245 10

150 2339 182 2390 ας
195 2299 257 2380 ¹³rb
279 2299 371 2398 Ἢλ,
398 2306 455 2382 καὶ
483 2302 583 2382 ἀλλὰ
610 2303 745 2388 τούτοις
773 2301 1024 2407 παραπλήσια.
1083 2305 1132 2382 ‘O
1161 2299 1204 2400 δὴ
1233 2302 1296 2380 οὖν

196 2427 286 2525 μετὰ
309 2435 428 2532 χεῖρας
445 2427 602 2526 Ψαλμὸς
626 2427 698 2509 ἀπὸ
722 2438 787 2507 τοῦ
808 2426 914 2508 (ῑἪλ
939 2434 1037 2508 Ἠλεὶ
1059 2433 1157 2508 'Hhri
1186 2431 1323 2532 hepid

197 2551 398 2651 οαβαχθανὶ
425 2549 632 2658 περιέχει,ᾦ
655 2554 821 2656 κέχρηται
845 2557 903 2632 καὶ
931 2556 950 2632 ὁ
975 2553 1104 2654 Κύριος
1123 2553 1234 2651 ἡμῶν,
1253 2555 1294 2632 οὐ

240 2720 323 2790 mitt
336 2720 380 2790 ill
393 2723 459 2790 λιμῖι
474 2721 502 2775 S.
517 2729 545 2775 et
558 2721 606 2776 inf.
699 2720 816 2788 ”charin
831 2721 860 2774 P.
875 2729 907 2774 ut
920 2721 993 2791 vulg.
1010 2719 1039 2774 S.
1130 2707 1207 2790 ⁰oq'⁴
1223 2721 1250 2776 S,
1266 2721 1294 2774 in

198 2819 283 2873 marg.
366 2803 426 2855 vrb
439 2802 501 2856 add.
518 2801 549 2856 P.
632 2809 648 2853 q
662 2799 695 2868 hh
710 2818 764 2854 οαι.
781 2800 841 2853 P.S.
856 2801 953 2871 interp.

198 2940 251 2996 sub
265 2938 432 2996 matutinam
447 2939 657 3015 susceptionem
671 2937 774 3004 extitit,
790 2956 874 3012 quarn
889 2938 1017 2995 Psalmus
1031 2937 1163 3012 deinceps
1182 2937 1295 3013 longius

198 3037 364 3094 progressus
378 3018 520 3087 indicavit,
536 3019 583 3076 ubi
598 3019 680 3083 dixit,
696 3017 736 3075 lu
749 3027 841 3076 antem
855 3017 978 3075 Domine
992 3037 1025 3076 ne
1042 3037 1169 3076 amoveas
1186 3018 1296 3092 longino

198 3098 330 3154 ancilium
353 3117 449 3166 meum,
470 3101 507 3156 ad
524 3099 715 3172 susceptionem
736 3117 822 3154 meam
844 3099 954 3171 respice.
998 3098 1056 3156 Sed
1077 3117 1161 3173 quam
1179 3099 1294 3156 tandem

197 3178 280 3235 aliam
296 3179 505 3253 susceptionem
518 3179 572 3235 nisi
586 3197 648 3234 eam
663 3196 746 3252 quam
760 3177 905 3252 inscriptio
921 3179 1025 3234 Psalmi
1039 3179 1230 3254 significavit?

238 3259 381 3315 Caeterum
399 3259 461 3316 haec
481 3258 594 3333 quidem
608 3259 754 3315 dictasint
768 3256 879 3314 anobis
897 3257 926 3313 in
947 3259 1037 3332 ipsam
1052 3258 1156 3314 Psalmi
1176 3259 1295 3334 inscrip-

196 3337 324 3395 tionem:
347 3339 377 3394 in
397 3337 446 3395 illo
467 3347 571 3404 autem,
589 3339 636 3395 Eli
651 3340 697 3394 Eli
717 3339 787 3393 lenm
804 3336 993 3401 sabachthani,
1009 3338 1184 3411 quodquam
1199 3337 1293 3395 uSal·

197 3425 294 3474 vatore
314 3425 414 3475 nostro
435 3419 503 3492 ipsis
517 3418 665 3476 Hebraicis
686 3417 847 3474 nominibus
866 3415 973 3473 dictum
994 3417 1030 3474 sit
1044 3417 1096 3473 sub
1118 3417 1210 3490 ipsum
1229 3435 1294 3492 pas·

198 3497 286 3554 sionis
305 3506 417 3572 tempus
436 3499 466 3554 in
481 3498 584 3554 Psalmi
597 3498 679 3554 initio
692 3497 817 3572 positum
831 3503 884 3562 est,
898 3496 962 3554 vide
982 3515 1076 3570 quaeso
1097 3515 1133 3553 ne
1154 3515 1210 3571 qua
1228 3497 1295 3554 insit

197 3577 363 3651 profundior
386 3577 589 3651 contemplatio
612 3577 687 3652 apud
712 3577 869 3634 Hebraeos:
894 3595 962 3632 nam
986 3577 1081 3633 Eloim
1102 3577 1181 3633 Deos
1202 3576 1294 3632 nomi·

198 3664 289 3712 natur.
324 3657 364 3714 Et
377 3657 432 3713 hoc
446 3677 496 3732 per
511 3666 599 3714 totam
613 3658 818 3732 propemodum
833 3657 999 3731 scripturam
1014 3657 1159 3714 invenies:
1181 3656 1295 3730 quando

197 3736 243 3792 vel
256 3737 368 3811 proprie
383 3737 423 3794 sic
437 3737 511 3811 apud
526 3755 582 3794 nxx
597 3737 682 3794 etiam
696 3755 771 3793 nunc
786 3737 814 3793 H
817 3736 928 3794 ebraico
935 3754 1005 3793 voce
1018 3736 1188 3792 nominatur.
1210 3736 1296 3810 Apud

198 3815 275 3890 ipsos
293 3824 388 3873 tamen
409 3817 548 3874 Hebraeos
573 3817 634 3874 aliae
658 3817 802 3874 nonnullas
823 3817 952 3873 seruntur
971 3815 1172 3890 appellationes
1192 3815 1228 3871 sd
1250 3815 1293 3872 di-

199 3895 293 3951 vinam
307 3906 438 3953 naturam
459 3897 683 3972 significandum,
698 3896 821 3962 utillud,
837 3895 951 3961 Saddai,
967 3906 999 3953 ut
1014 3895 1092 3960 illud,
1107 3894 1167 3958 Iao,
1182 3895 1295 3952 utillud

198 3973 244 4040 El,
260 3973 368 4050 aliaque
382 3977 427 4034 his
444 3976 552 4033 similia
594 3977 674 4051 Ergo
688 3976 816 4034 Psalmus
834 3977 881 4050 qui
894 3994 970 4032 nunc
984 3975 1013 4031 in
1028 3974 1158 4032 manibus
1169 3983 1212 4032 est
1226 3974 1295 4031 illud

200 4054 249 4110 Eli
270 4055 321 4112 Eli
345 4059 414 4113 lema
436 4057 615 4112 sabachthani
635 4056 716 4112 initio
739 4056 834 4120 hebet,
860 4073 915 4128 quo
940 4056 1025 4112 etiam
1048 4054 1179 4112 Salvator
1199 4063 1296 4112 noster

200 4151 267 4189 usus
289 4143 342 4199 est,
360 4155 418 4192 non
443 4143 538 4192 autem
557 4135 635 4202 illud,
658 4135 759 4192 Eloim.
803 4134 924 4191 Proinde
945 4133 1052 4209 Aquila
1071 4153 1157 4208 quum
1177 4135 1294 4192 diversi·

199 4221 288 4270 tatem
298 4215 353 4272 Dei
364 4215 566 4290 appellationis,
579 4235 640 4290 quae
651 4233 687 4272 ex
699 4215 760 4290 ipso
771 4215 863 4271 Eloim
875 4213 1059 4288 significatur,
1071 4214 1146 4289 apud
1158 4213 1296 4271 Hebraeos

200 4292 326 4359 vidisset,
340 4294 410 4353 illud
431 4296 467 4352 de
488 4314 544 4370 quo
562 4315 637 4352 nuuc
656 4295 775 4370 agimus,
792 4295 819 4350 in
834 4294 892 4360 illo,
908 4293 953 4350 Eli
967 4294 1021 4360 Eli,
1035 4313 1094 4350 non
1108 4295 1147 4351 ita
1161 4292 1293 4368 quemad·
