3120 4716
264 233 328 297 ooo
739 233 925 298 ausuum
1341 243 1504 313 ,1471-

264 426 308 493 με
328 392 379 470 ἐπ’
399 391 458 495 ipsi
483 395 833 500 ε’μεγαλερρημίνησεν,
854 394 986 500 ἓκρύβην
1005 391 1065 474 ι’ῖιν
1084 399 1146 473 ἀπ’
1163 395 1273 472 aurai.
1318 389 1366 470 Σῖν

264 513 311 607 δὲ,
331 515 477 622 ἄνθρωπε
503 511 667 627 triduoue,
688 521 818 623 ἡγεμύν
843 557 908 624 μου
934 528 993 600 καὶ
1013 515 1146 622 γνωστί
1158 557 1235 624 μου,
1254 521 1290 603 ‘is
1308 518 1364 596 ἐπὶ

263 642 298 722 ri
327 645 405 724 ariri
434 643 630 746 ἑγλύνιανιίς
657 682 715 749 μοι
745 642 930 751 ἔδεσματα,
961 644 1082 745 ὅμοιόν
1109 649 1188 724 ε’στι
1215 650 1277 750 τῷ,
1303 650 1362 723 uui

263 768 332 878 γῖιρ
358 779 372 850 i
398 768 565 878 ἅνθρωπος
589 770 647 863 τῖες
674 773 785 877 cipriane
809 809 887 877 μου,
906 772 959 878 ἐφ’
980 774 1011 853 ’ὃν
1033 771 1180 863 νῖλπισα,
1211 780 1226 852 i
1255 769 1386 849 iniimus

264 893 378 1000 ἱίρτιυς
392 933 471 1000 μιν,
486 898 688 998 ἐμεγάλυνεν
707 899 760 976 ἐπ’
773 897 833 1002 ἐμὲ
852 898 1056 1003 πτερνισμδν,
1071 900 1151 998 περὶ
1169 905 1232 974 τοῦ
1245 896 1365 973 Ἰούδα

239 1024 301 1100 4εὐ
318 1027 363 1126 τῇ
381 1021 452 1124 πρὸ
470 1021 600 1121 ταύτης
618 1024 816 1129 προφητείᾳ
834 1022 1010 1129 οιτειμένερ.
1065 1019 1212 1120 Ὥσπερ
1238 1021 1300 1098 οὖν
1326 1021 1365 1097 ἐν

262 1149 379 1256 ε’κείνιρ
408 1148 581 1228 ἐδείκνυντο
610 1148 795 1247 ἅνθρωπος
825 1147 963 1250 εἰρήνης
991 1147 1078 1228 ποτὲ
1110 1146 1277 1251 γεγονὼς,
1305 1147 1365 1226 ὅτε

262 1281 314 1380 τῷ
333 1279 473 1378 Σωτῆρι
493 1274 725 1373 ἐμαθητεύετο
749 1273 798 1357 εἷς
824 1279 881 1354 καὶ
906 1273 1012 1358 αὐτὸς
1029 1284 1092 1356 τοῦ
1110 1282 1183 1354 τῶν
1201 1273 1362 1354 ἀποστό-
1377 1309 1408 1342 ιο

263 1410 339 1480 λων
367 1404 518 1501 ἀριθμοῦ
545 1401 781 1504 χρηματίσας,
800 1404 911 1484 οὕτως
936 1404 994 1480 καὶ
1016 1405 1053 1480 ἐν
1070 1400 1364 1508 τῷπροκειμένῳ

265 1526 445 1633 ίσόψυχος
458 1529 516 1606 καὶ
534 1525 675 1626 ἡγεμὼν
689 1531 747 1606 καὶ
760 1527 924 1628 γνωστὸς
938 1530 1035 1634 αύτῷ
1047 1524 1363 1630 drrpoouyysipeurou.

240 1656 338 1733 tKoi
370 1652 483 1732 πάλιν
514 1657 562 1736 ὡς
594 1657 631 1733 ἐν
659 1655 778 1760 ἐκείνῳ
805 1659 885 1756 περὶ
918 1655 1026 1733 αύτοῢ
1057 1654 1183 1756 εἴρητο,
1212 1663 1228 1734 ὁ
1257 1653 1365 1732 ἐσθίων

265 1779 380 1885 ι’ίρτιυτ
412 1818 478 1886 μου
512 1780 714 1882 ἐμεγάλυνεν
751 1782 802 1860 ἐπ’
834 1782 893 1883 ἐμὲ
925 1783 1131 1887 πτερνισμδν,
1160 1779 1224 1858 τὸν
1257 1776 1404 1859 αι’ντδννε

263 1905 398 2007 τρόπον
417 1908 474 1984 καὶ
494 1909 551 1984 ἐπὶ
568 1915 631 1985 τοῦ
650 1905 827 2007 παρόντος
844 1913 892 1990 είς
909 1910 1017 1986 αὐτοῦ
1038 1907 1236 2011 πρόσωπον
1255 1906 1361 2005 λε’γε-

263 2067 321 2110 τοιι
339 2031 391 2129 τὸ,
406 2035 440 2116 ic
459 2034 514 2114 ini
535 2033 569 2112 ri
589 2036 668 2112 uiri
688 2031 884 2134 ἑγλύκανύς
897 2069 954 2138 μιν
972 2031 1159 2138 ἐδέσματα.
1202 2036 1275 2112 Kai
1294 2030 1364 2134 γὰρ

263 2164 336 2236 τῶν
366 2157 651 2262 καταξιουμένων
680 2164 736 2237 καὶ
771 2157 877 2242 αὐτὸς
909 2157 957 2244 εἷς
989 2157 1033 2258 ἦν
1064 2164 1129 2257 τῆς
1161 2157 1364 2260 ἀπορρήτου

264 2282 353 2386 πρὸς
375 2283 456 2366 τούς
478 2281 641 2382 μαθητὰς
667 2295 731 2364 τοῖν
757 2291 924 2387 Σωτῆρος
951 2287 1051 2385 ἡμῶν
1080 2287 1220 2383 ὁμιλίας
1241 2318 1279 2363 τε
1307 2287 1364 2362 καὶ

241 2413 499 2508 επνευματικῆς
526 2415 673 2517 τροφῆς.
733 2417 820 2495 Τοῖς
847 2412 1005 2514 μὲνγὰρ
1030 2412 1099 2518 ἔξω
1126 2410 1284 2510 πλήθεσι
1307 2414 1364 2490 καὶ
1373 2429 1482 2501 p.47a

265 2545 338 2620 τοῖς
356 2537 478 2641 ὄχλοις
495 2540 533 2616 ἕν
554 2545 779 2641 παραβολαῖς
797 2538 929 2636 ἐλάλει,
949 2537 1068 2636 μόνοις
1087 2538 1123 2618 δὲ
1149 2545 1223 2622 τοῖς
1241 2541 1364 2617 ἑαυτοῦ

265 2669 449 2764 μαθηταῖς,
487 2666 524 2743 ἐν
567 2663 619 2747 οῖς
658 2668 714 2743 καὶ
757 2667 776 2743 ὁ
813 2665 949 2749 Ἰούδας
986 2663 1180 2770 ἐξητάζετο,
1218 2665 1364 2744 ἐπέλυεν

308 2848 324 2894 b
338 2853 370 2904 δν
383 2852 436 2924 ἐπ’]
453 2851 496 2905 ἀπ’
513 2853 541 2906 S.
658 2851 802 2922 οκειμένην]
820 2847 933 2920 κείμενον
948 2852 977 2905 P.
1101 2847 1363 2923 ἀπροσογορεύεταν]

266 2935 474 3004 προσηγόρευται
490 2933 518 2986 S.

267 3082 406 3155 offecisset,
422 3084 603 3138 sustinuissem
618 3084 732 3156 utique:
755 3089 781 3138 et
803 3086 824 3137 si
845 3086 867 3138 is
886 3085 932 3156 qui
946 3085 1040 3139 aderat
1061 3101 1103 3138 me
1119 3101 1199 3156 super
1212 3101 1254 3138 me
1266 3099 1366 3155 magna

270 3164 375 3218 locutus
388 3162 503 3236 fuisset,
518 3163 708 3220 abscondissem
722 3183 763 3219 me
778 3162 900 3238 forsitan
915 3165 949 3219 ab
963 3179 1002 3218 eo.
1050 3164 1092 3218 Tu
1112 3180 1176 3220 vero
1198 3161 1276 3219 homo
1297 3181 1366 3218 unu·

268 3245 355 3310 nimis
372 3250 399 3298 et
413 3245 469 3298 duc
482 3261 562 3306 meus,
578 3251 605 3298 et
619 3251 700 3299 notus
716 3263 797 3308 meus,
813 3245 901 3316 quiin
921 3243 988 3300 idom
1005 3243 1096 3299 dutces
1111 3243 1288 3318 comparatos
1301 3240 1368 3297 mihi

268 3323 347 3389 cibos,
369 3323 459 3379 simile
483 3333 527 3379 est
550 3323 598 3388 illi,
625 3325 730 3380 Etenim
756 3324 833 3381 Ιιονννο
849 3326 933 3397 pacis
956 3342 1030 3386 mea,
1057 3327 1084 3378 in
1110 3343 1162 3398 quo
1183 3325 1298 3396 speravi,
1321 3324 1368 3394 qui

269 3405 363 3462 edebat
375 3422 460 3478 pones
476 3423 554 3468 meos,
566 3405 749 3478 maanficaoit
761 3421 842 3479 super
853 3421 895 3458 me
908 3405 1175 3476 supplantationem:
1191 3402 1266 3476 quod
1281 3420 1368 3476 quum

269 3485 304 3541 de
325 3486 401 3541 tuda
426 3483 462 3540 sit
487 3484 681 3559 accipiendum
705 3485 734 3539 in
757 3482 896 3559 superiori
918 3483 1066 3557 prophetia
1086 3484 1210 3558 positum
1232 3490 1283 3539 est.
1329 3480 1368 3538 Ut

270 3583 339 3640 ergo
357 3565 386 3620 in
403 3564 451 3620 illo
469 3564 614 3620 dicebatur
632 3564 719 3620 homo
740 3564 817 3638 pacis
838 3563 987 3637 aliquando
1008 3564 1104 3627 fuisse,
1119 3564 1167 3637 qui
1189 3562 1331 3636 quondum
1352 3581 1371 3618 a

271 3647 416 3702 Salvatore
436 3644 644 3708 instituebatur,
660 3662 746 3718 quum
768 3644 827 3718 ipse
849 3662 959 3717 quoque
980 3663 1017 3700 ex
1035 3662 1155 3700 numero
1175 3643 1370 3717 apostolorum

271 3745 343 3782 unua
365 3733 450 3788 esset,
474 3725 514 3780 sic
540 3725 624 3780 etiam
650 3725 679 3779 iu
701 3724 843 3798 praesenti,
865 3732 894 3779 et
921 3723 1069 3787 unanimis,
1094 3731 1123 3779 et
1142 3724 1209 3786 dux,
1231 3735 1260 3778 et
1284 3730 1370 3777 notus

270 3806 362 3863 dictus
377 3815 428 3862 est.
471 3804 544 3861 Item
566 3804 802 3878 quemadmodum
824 3803 852 3859 in
874 3803 921 3859 itlo
943 3804 978 3860 de
1000 3805 1099 3860 eodem
1120 3804 1225 3859 dictum
1246 3811 1297 3867 eat,
1315 3802 1372 3865 Qui

271 3887 365 3942 edebat
384 3905 468 3958 panes
489 3904 562 3941 oreos
583 3886 767 3958 maynificauit
787 3903 868 3958 super
888 3902 930 3938 me
950 3885 1207 3958 supplantationem,
1223 3882 1263 3938 ita
1283 3883 1370 3938 etiam

270 3984 346 4020 nunc
361 3985 396 4021 ex
418 3983 538 4037 persona
555 3965 643 4040 ipsius
664 3964 766 4020 dicitur
785 3963 864 4028 ittud,
880 3967 926 4037 qui
947 3967 975 4018 in
996 3966 1066 4019 idem
1084 3966 1176 4020 dulces
1195 3963 1372 4036 comparatas

271 4045 337 4098 mitri
352 4046 431 4100 eibos.
474 4045 586 4101 Etenim
608 4065 644 4100 ex
664 4045 698 4099 iis
719 4045 777 4117 ipse
799 4063 909 4118 quoque
932 4063 1003 4099 unus
1022 4052 1091 4106 erat,
1108 4045 1153 4117 qni
1173 4044 1210 4100 ad
1229 4061 1369 4106 arcanam,

273 4141 327 4194 qua
352 4142 415 4177 cum
439 4124 496 4178 suis
519 4124 662 4197 discipulis
685 4125 824 4188 utebatur.
846 4125 1000 4180 Salvatoris
1023 4124 1113 4180 nostri
1136 4123 1370 4181 consuetudinem

273 4200 501 4270 spiritualemque
518 4202 610 4256 cibum
634 4205 770 4275 assumpti
791 4204 918 4259 fuerant:
943 4223 1008 4258 nam
1027 4203 1063 4258 ad
1081 4205 1227 4277 profanam
1242 4201 1369 4258 multitu-

274 4279 367 4331 dinem
390 4286 418 4332 et
440 4279 475 4331 ad
497 4279 593 4333 turbas
615 4300 700 4350 quum
722 4283 808 4336 verbu
832 4283 946 4347 taceret,
972 4283 1113 4356 parabolis
1136 4284 1276 4346 utebatur,
1302 4281 1371 4336 solis
