3144 4720
257 275 322 336 814
704 271 889 338 EUSEBII
1331 293 1363 354 p.
1376 271 1502 354 408-

255 439 300 510 τὰ
327 439 432 510 σκῦλά
459 472 520 511 σου
546 441 579 510 έν
608 471 675 526 σοι,
701 441 753 510 καί
782 436 961 532 ἐπισυνάξαι
988 435 1098 508 πάντα
1126 437 1171 510 τὰ
1200 440 1273 520 ἔθνη
1299 438 1378 521 e'nis

201 543 205 552 ⁴
253 555 472 650 Ἱερουσαλὴμ
490 559 533 632 είς
549 545 707 639 πόλεμον,
724 556 777 625 καί
799 557 965 625 ἁλώσεται
985 557 1002 635 ἡ
1020 554 1128 636 πόλις,
1145 554 1196 623 καί
1215 552 1356 650 διαρτα-

257 673 418 762 γὴσονται
430 673 465 740 ai
478 675 583 752 οίκίοι,
599 667 664 741 snai
681 673 716 741 ai
727 680 870 762 γυναῖκες
881 673 1154 752 μολυνθὴσονται,
1165 669 1217 738 καὶ
1231 667 1355 762 ε’ξελειί-

256 813 351 854 σεται
369 783 411 855 rai
428 783 526 868 ἡμισυ
541 793 600 868 rire
616 786 742 862 πόλεως
759 787 792 856 έν
808 784 1032 880 αἰχμαλωσίᾳ,
1049 785 1082 852 oi
1098 782 1133 854 <ll
1151 780 1353 854 κατάλοιποι

255 906 318 970 τοῦ
341 907 425 970 λαοῦ
449 932 513 984 μου
537 903 574 971 οὗ
595 903 640 984 μὴ
663 899 940 997 ἐξολοθρευθῶσιν
961 901 995 968 έκ
1017 907 1075 981 τῆς
1095 899 1232 976 πόλεως.
1282 899 1354 970 Καὶ
1366 929 1398 962 10

255 1013 459 1106 ἐξελεύσεται
478 1017 611 1114 Κύριοι,
623 1017 675 1087 καί
692 1013 925 1112 παρατάξεται
943 1015 976 1086 έν
992 1024 1063 1091 τοῖς
1078 1015 1203 1086 ἔθνεσιν
1218 1015 1354 1098 ἐκείνοις,

255 1131 359 1208 καθεὶς
375 1133 477 1228 ἡμέρα
494 1128 708 1229 παρατάξεως
725 1133 824 1202 αὑτοῦ
846 1131 879 1201 έν
896 1131 997 1226 ἡμέρᾳ
1014 1127 1228 1226 παρατάξεως
1244 1131 1355 1214 αὐτοῦ,

255 1245 288 1315 έν
305 1247 406 1344 ἡμέρᾳ
424 1247 646 1335 eandmund
663 1251 848 1329 στήσονται
867 1249 899 1317 oi
916 1244 1011 1320 πόδες
1029 1246 1128 1314 αὑτοῦ
1144 1246 1176 1315 έν
1191 1251 1235 1339 τῇ
1251 1245 1355 1341 ἡμέρᾳ

256 1363 352 1456 ἐκείνη
369 1363 422 1432 ε’τί
440 1359 483 1432 τὸ
500 1362 575 1459 ὅρος
592 1368 656 1433 τῶν
672 1364 788 1433 ἐλαιῶν
804 1359 847 1433 τὸ
864 1363 1034 1432 κατέναντι
1050 1360 1278 1456 Ἰερουσαλήμ.

234 1529 247 1581 7
314 1489 404 1572 Eira
424 1495 502 1591 μεθ’
522 1493 624 1594 ἕτερα
642 1492 688 1572 τὰ
706 1492 841 1599 μεταξύ
859 1499 985 1599 φησιν,
1366 1543 1396 1592 ¹⁵

307 1638 375 1708 Καὶ
399 1639 494 1709 ἔσται
522 1638 644 1734 Κύριος
670 1634 723 1720 είς,
739 1639 793 1708 καί
818 1635 860 1708 τὸ
887 1637 988 1720 ὄνομα
1015 1638 1113 1708 αὑτοῦ
1138 1637 1204 1718 siv,
1222 1641 1355 1706 κνκλαῦν

256 1758 368 1824 πᾶσαν
385 1755 446 1835 τὴν
463 1761 534 1847 γῆν,
552 1754 604 1824 καί
621 1754 680 1836 τὴν
697 1755 825 1850 ἔρημον.

233 1922 248 1970 s
314 1887 387 1964 Καὶ
417 1885 517 1968 αὖθις
543 1887 625 1983 μεθ’
649 1885 760 1988 ἕτερα,
776 1883 1008 1990 περιγράφων
1036 1884 1102 1982 τὴν
1129 1885 1263 1980 βίβλον
1290 1887 1473 1982 τὴεμοο

255 2012 485 2117 προφητείας,
504 2011 569 2112 τὴν
586 2017 720 2113 κλῆσιν
738 2019 810 2092 τῶν
828 2015 939 2092 ἐθνῶν
958 2011 1015 2092 διὰ
1034 2012 1170 2092 τούτων
1188 2011 1356 2114 θεσπίζει,

308 2156 377 2226 Kal
400 2157 497 2228 ἔσται
522 2158 597 2229 ὅσοι
618 2155 673 2228 icis
692 2160 961 2253 καταλειφθῶσιν
977 2157 1011 2225 ε’κ
1031 2153 1163 2228 πάντων
1178 2161 1244 2228 τῶν
1260 2157 1356 2227 ἐθνῶν

258 2277 323 2341 τῶν
340 2273 502 2344 ἐλθόντων
525 2274 578 2343 dni
596 2272 826 2370 Ἰερονσαλὴμ,
843 2272 895 2342 καὶ
919 2272 1145 2358 ἆναβὴσονται
1168 2272 1242 2341 κατ’
1258 2272 1378 2360 ἔνων-5

259 2385 331 2470 τὸν,
345 2384 428 2459 11’τοῦ
444 2397 665 2484 προσκυνῆσαι
682 2394 729 2479 τῷ
748 2390 887 2475 βασιλεῖ
902 2387 1015 2484 Κυρίῳ
1032 2383 1290 2482 παντοκράτορι,
1302 2387 1355 2457 καί

257 2511 319 2573 τοῦ
334 2501 503 2604 ἑορτάζειν
518 2507 578 2588 τὴν
594 2507 710 2600 έορτὴν
727 2513 784 2588 riis
801 2505 1030 2596 σκηνοπηγίας.
1068 2503 1137 2573 Kai
1154 2503 1262 2588 ἔσται,
1279 2502 1354 2574 ὅσοι

256 2616 311 2688 ἐὰν
331 2620 376 2701 μὴ
399 2621 564 2709 ἀναβῶσιν
584 2623 617 2691 ἐκ
638 2626 751 2691 πασῶν
767 2626 833 2693 τῶν
850 2623 962 2716 φυλῶν
979 2625 1037 2700 rins
1055 2625 1114 2711 γῆς
1130 2620 1173 2695 eie
1187 2617 1355 2714 Ἰερουσα-

256 2735 324 2817 λὴμ
346 2741 407 2805 τοῦ
429 2743 650 2832 προσκυνῆσαι
673 2741 722 2826 rai
744 2737 882 2822 βασιλεῖ
897 2733 1008 2828 Κυρίῳ
1025 2729 1283 2829 παντοκράτορι,
1300 2732 1353 2803 καὶ
1366 2769 1399 2804 ιο

258 2847 348 2920 οὗτοι
368 2851 493 2929 ἐκείνοις
509 2856 811 2947 προστεθὴσονται.
852 2847 936 2918 Ἐὰν
957 2847 991 2919 ‹li
1008 2848 1098 2945 φυλὴ
1116 2847 1295 2939 Αἰγίπαν
1309 2847 1354 2930 μὴ

298 2993 376 3069 lecal]
392 3000 433 3053 καὶ
446 3001 472 3053 al
487 2999 514 3053 S.
620 3011 637 3057 K
651 2999 678 3054 έν
691 3000 813 3074 κνκλοῦν]
828 3001 969 3073 ε’γκιικλοῦν
983 3000 1013 3054 Ρ.
1028 3000 1082 3055 vid.
1097 2999 1309 3071 iustup.41213
1323 3015 1353 3068 4.

258 3085 289 3130 ut
303 3077 374 3148 vulg.
391 3078 417 3130 S.
500 3075 577 3132 ιιτοῦ
591 3096 644 3134 om.
659 3081 690 3135 1³.

259 3211 333 3275 mini,
348 3219 374 3267 et
395 3214 551 3270 ‹liuideutur
568 3216 655 3288 spolia
676 3223 725 3273 tua
750 3220 777 3272 in
803 3225 838 3283 te,
857 3225 885 3274 et
905 3216 1072 3290 congregabo
1091 3233 1181 3273 amnes
1203 3222 1298 3290 gentes
1317 3218 1357 3272 ad

260 3293 432 3349 Hierusalem
460 3294 488 3350 in
516 3294 623 3361 bellum,
648 3304 675 3354 et
702 3300 824 3370 capietur
845 3300 948 3362 ciuitas,
968 3306 994 3352 el
1018 3299 1185 3372 diripientur
1204 3297 1307 3360 dantus,
1329 3305 1356 3352 et

259 3374 384 3430 mulieres
402 3376 569 3448 polluentur,
585 3384 612 3431 et
631 3379 786 3450 egredietur
799 3378 939 3434 dimidium
961 3377 1080 3434 ciuitatis
1099 3379 1128 3432 in
1148 3379 1354 3452 captiuitatem.-

258 3455 354 3527 reliqui
376 3462 466 3511 antem
486 3456 519 3511 de
537 3459 641 3531 papula
662 3475 720 3512 meo
745 3475 797 3513 nan
818 3457 943 3530 peribunt
963 3457 1136 3520 decivitate,
1157 3463 1184 3513 et
1205 3459 1357 3530 earedietur

259 3532 408 3600 Dominus,
422 3544 449 3591 et
463 3537 664 3610 comparabitur
677 3538 713 3592 ad
722 3538 849 3610 pralium
863 3539 891 3593 in
902 3537 1026 3612 pentibus
1040 3535 1106 3600 illis,
1118 3539 1188 3592 dent
1201 3537 1257 3592 dies
1267 3537 1357 3610 praelii

259 3611 326 3684 ιηἰιι,
342 3615 369 3669 in
383 3617 428 3670 die
442 3616 512 3679 belli,
528 3623 554 3671 et
574 3616 688 3672 stabunt
706 3618 792 3690 pedes
809 3616 866 3687 ejus
886 3617 915 3673 in
935 3617 979 3672 die
999 3615 1047 3671 illa
1065 3617 1093 3671 in
1108 3623 1196 3672 mente
1213 3616 1357 3674 olivarum

259 3696 331 3768 qaod
352 3701 389 3750 est
411 3703 507 3752 contra
524 3696 699 3754 Hierusalem.
744 3695 854 3754 Deinde
868 3703 933 3770 post
947 3695 1001 3752 elie
1022 3713 1083 3770 quse
1101 3695 1132 3751 in
1151 3695 1245 3752 medio
1265 3695 1355 3769 ponit,

153 3803 158 3818 ·
258 3771 455 3840 breodune
482 3775 536 3832 erit
559 3775 693 3832 Dominus
717 3795 795 3842 unus,
819 3783 846 3832 et
868 3795 962 3833 nomen
987 3773 1046 3848 ejus
1068 3793 1152 3831 unum
1180 3777 1357 3851 complecterer

153 3894 158 3908 .
194 3896 200 3917 ‚
259 3871 362 3910 amnem
384 3863 483 3911 terram
508 3863 534 3911 et
555 3857 695 3913 desertum.
738 3855 846 3912 Rursus
865 3865 930 3932 post
947 3855 1009 3919 alin,
1025 3855 1093 3912 dum
1106 3855 1263 3930 prophetiae
1283 3855 1357 3912 libro

259 3933 411 3990 terminum
434 3935 524 4009 ponit,
549 3937 725 3993 vocationem
748 3936 876 4011 gentium
900 3935 945 3992 his
967 3935 1059 3993 verbis
1081 3935 1206 3993 divinet:
1229 3936 1271 3992 Et
1293 3938 1356 4004 erit,

259 4015 408 4086 quicunque
429 4017 517 4071 relicti
531 4015 643 4090 fuerint
666 4033 698 4072 ee
717 4015 840 4073 omnibus
857 4016 991 4091 pentibus,
1007 4033 1065 4090 ᾳιισ
1078 4019 1198 4072 venerint
1211 4018 1240 4072 in
1254 4016 1356 4072 Hieru-

257 4093 349 4155 salem,
364 4099 391 4147 et
404 4097 547 4152 ascendent
560 4097 674 4170 singulis
687 4099 772 4160 annis,
787 4103 819 4152 ut
831 4097 945 4153 adorent
962 4113 1051 4172 renem
1066 4096 1215 4152 Dominum
1234 4096 1355 4170 omnipa-

258 4173 365 4234 tentam‚
380 4179 406 4224 et
427 4173 558 4228 celebrent
578 4178 648 4230 diem
661 4175 766 4248 sertum
786 4179 1031 4233 tabernaculorum.
1077 4177 1115 4232 Et
1128 4178 1189 4240 erit,
1205 4179 1357 4250 quicunque

259 4265 312 4301 nan
333 4251 502 4304 accenderint
522 4271 555 4306 es
576 4255 695 4309 amnibus
716 4255 841 4311 tribulus
861 4264 941 4311 terra
961 4257 988 4311 in
1004 4257 1177 4313 Hierusalem
1193 4263 1224 4312 ut
1242 4256 1356 4312 adorent

259 4343 348 4397 nepem
373 4326 520 4381 Dominum
544 4333 759 4402 omnipotentem,
782 4337 863 4390 etiam
889 4335 918 4390 ln'
946 4335 1001 4391 illis
1024 4336 1167 4392 addentur.
1210 4337 1242 4390 Si
1265 4342 1356 4391 autem
