3090 4706
15 3741 122 3981 N,

264 185 329 255 906
711 189 897 254 EUSEBII
1350 207 1381 269 P·
1391 203 1492 267 457·-

226 357 453 460 ιιπαρουσίρ.
515 353 649 458 Εἰρήνη
679 363 768 456 γοῦν
800 355 844 462 ἐξ
873 357 985 434 ἐθνῶν
1016 356 1160 457 γε’γονεν
1192 354 1267 433 ἀπὸ
1297 360 1372 432 τῶν

261 476 401 583 χρόνων
435 483 500 578 τῆς
530 480 689 588 ἀφίξεως
719 483 828 562 αὐτοῦ
860 482 919 561 οἶα
947 482 1185 562 οὐδεπώποτε·
1223 482 1288 560 οὐκ
1320 480 1372 558 ἔτι

262 613 351 707 γοῦν
368 607 491 690 πόλεις
508 604 673 703 πόλεσιν,
692 610 741 691 ὡς
758 606 802 687 πὸ
819 611 915 711 πρὶν,
932 614 1164 704 πολεμοῦσιν,
1185 603 1267 685 οὐδὲ
1284 605 1369 704 ἔθνη

264 732 382 810 ἔθνεσι
401 732 691 835 συρράσσουσιν,
709 734 781 812 οὐδ
798 736 847 817 ὡς
865 730 907 812 τὸ
925 730 1083 813 παλαιὸν
1101 733 1121 812 ὁ
1140 739 1212 810 τῶν
1230 731 1370 832 ἀνθρά-

261 890 340 935 πων
357 858 438 950 βίος
451 860 701 954 ἅκαπασπατεῖ,
713 859 784 937 οὐδ’
801 860 986 956 Ἀθηναῖοι
998 856 1064 956 μέν
1078 857 1368 954 Λοκεδαηιονίοις
1377 887 1408 950 p-
1417 866 1472 948 458

262 981 587 1083 ἐπιστρατεύονται,
608 983 716 1083 Σύροι
735 981 773 1062 δέ
793 984 964 1089 Φοίνιξιν,
981 980 1147 1084 Ἀράβωι
1165 980 1203 1060 δέ
1224 986 1369 1060 Παλαι-

224 1107 406 1202 ιηστίνοις,
423 1111 482 1186 καί
502 1107 693 1208 Αἰγύπτιοι
715 1115 789 1189 τοῖς
806 1109 1086 1210 πλησιοχώροις.
1139 1106 1306 1186 Ἥνωτιιι
1329 1105 1368 1184 δέ

260 1229 304 1336 ἐξ
332 1231 463 1310 ἐκείνου
494 1230 565 1310 σὺν
597 1236 681 1338 Θεῷ
711 1231 757 1310 rol
792 1231 921 1328 πάντα,
954 1235 1013 1310 καί
1047 1234 1192 1330 ἀληθῶς
1222 1235 1391 1327 πλῆθοςε

262 1355 398 1458 εἰρήνης
416 1356 461 1462 ἐξ
481 1358 594 1435 ἐθνῶν
615 1355 660 1461 ἐξ
682 1357 813 1435 ἐκείνου
832 1359 890 1434 καί
915 1361 963 1438 εἰς
981 1359 1086 1458 δεῦρο
1105 1355 1250 1456 γέγονεν
1275 1359 1362 1434 ἀκο-

260 1481 399 1565 λούθως
417 1485 462 1586 τῇ
479 1482 694 1586 προφητείᾳ*
724 1481 832 1578 μόνος
850 1481 888 1560 δὲ
906 1483 1049 1580 Ἰησοῦς
1068 1486 1127 1560 καί
1150 1485 1170 1559 ὃ
1197 1483 1239 1560 δι’
1255 1482 1366 1560 αὐτοῦ

260 1611 443 1712 κηρυχθείς
474 1612 538 1705 τῆς
574 1607 805 1708 εύαγγελικῆς
837 1609 1071 1691 διδασκαλίας
1107 1605 1219 1707 λόγος
1254 1605 1364 1714 ἧρξεν

260 1739 352 1811 οτῶν
371 1735 442 1812 άπί
464 1730 644 1825 θαλάσσης
674 1733 734 1818 ἕως
757 1732 936 1828 θαλάσσης
963 1729 1073 1816 “iriae
1100 1737 1158 1812 καὶ
1182 1738 1247 1832 τῆς
1271 1733 1364 1814 κατὰ
1375 1769 1406 1803 ιο

260 1857 429 1956 δυόμενον
450 1859 565 1958 ήλιον,
586 1867 645 1938 aei
670 1859 743 1938 ιἰπί
767 1858 931 1963 πισαμάῖι
950 1867 996 1944 εἰς
1015 1858 1081 1945 riu
1100 1854 1289 1950 θιειιβολίις
1306 1858 1395 1952 riri>

260 1983 336 2085 γής,
366 1986 572 2065 ἀκολούθως
601 1992 674 2067 τοῖς
704 1986 742 2062 ἐν
771 1990 823 2092 τῷ
849 1982 1021 2089 προφήτῃ
1050 1984 1360 2086 προλελεγμένοις.

222 2108 373 2212 ιε”Απερ
400 2112 458 2187 καί
486 2110 507 2186 ὁ
532 2107 690 2192 Ἀκύλας
715 2104 788 2186 oili
809 2143 887 2193 πως
914 2107 1134 2209 ήρμήνευσεν
1161 2107 1281 2204 εἰπὼν,
1301 2119 1362 2188 καί

258 2237 405 2326 λαλήσει
437 2235 545 2340 εἰρήνην
575 2235 604 2312 ἐν
633 2238 700 2318 τοῖς
731 2231 840 2322 ἐθιεσι,
871 2241 930 2313 καί
945 2237 975 2328 ή
1002 2234 1135 2340 ἐξουσίαι
1163 2237 1262 2314 αύτιῧ
1289 2235 1386 2314 hals

258 2357 438 2450 θαλάσσης
457 2358 517 2442 ἕως
542 2355 733 2450 θαλάσσης,
755 2367 814 2436 καί
841 2357 913 2438 almi
940 2359 1105 2463 ποταμὸι
1130 2357 1190 2444 ἕως
1215 2359 1363 2465 περάτων

258 2481 315 2576 τῆς
333 2481 407 2586 γῆς.
465 2489 591 2563 Ταῦτα
617 2482 656 2560 δὲ
682 2489 755 2563 τοῖς
781 2485 819 2561 ἐν
841 2488 893 2589 τῷ
914 2488 1061 2589 Ψαλμῷ
1088 2483 1281 2585 σύγκρινον
1309 2490 1363 2590 τῷ

321 2696 334 2728 ⁰
348 2686 399 2740 ιίπιί
412 2685 470 2758 τῆς]
487 2685 604 2760 risa-riui
619 2683 650 2740 P.
747 2679 827 2738 ‘idat
841 2686 886 2752 τῆς
900 2683 933 2737 ἔω
947 2685 982 2741 εἰς
997 2685 1056 2757 τὸν]
1074 2685 1139 2742 ἐάας
1153 2689 1193 2739 stul
1207 2688 1251 2753 τῆς
1267 2685 1297 2741 Ρ.

259 2872 378 2921 constat.
421 2863 495 2932 Quis
515 2863 590 2919 enim
612 2863 726 2938 ignorat
741 2862 881 2937 ejusmodi
901 2881 999 2936 paoem
1021 2881 1057 2920 ex
1076 2864 1210 2938 gentibus
1227 2872 1293 2938 post
1307 2864 1357 2920 sd·

258 2952 360 2999 ventus
380 2941 454 2998 illius
475 2951 605 3017 tempora
628 2943 765 3006 extitisse,
784 2943 943 3016 cujusmodi
967 2961 1110 3016 nunquam
1128 2953 1214 3000 antea
1235 2943 1357 3000 fuisset?

258 3019 362 3094 Neque
383 3021 459 3076 enim
481 3031 512 3078 ut
533 3023 611 3096 prius
629 3023 670 3078 sic
691 3041 766 3078 nunc
783 3021 911 3078 civitates
933 3022 1126 3078 acivitatibus
1147 3032 1358 3097 oppugnantur,

258 3117 349 3172 neque
363 3107 465 3174 gentes
478 3119 543 3158 cum
558 3102 692 3175 gentibus
706 3101 886 3166 colliduntur.
902 3119 994 3175 neque
1007 3121 1074 3158 vero
1088 3109 1120 3158 ut
1133 3103 1233 3176 priscis
1248 3111 1357 3177 tempo-

257 3179 335 3236 ribus
363 3180 403 3237 sie
431 3181 536 3237 nostris
559 3181 619 3238 vita
642 3181 789 3238 hominum
813 3181 939 3254 inquieta
962 3181 1154 3256 instabilisque
1180 3191 1233 3247 est,
1256 3182 1359 3257 quippe

257 3279 344 3335 quum
358 3279 450 3334 neque
464 3260 655 3318 Athenienses
669 3270 769 3317 contra
782 3260 1014 3320 Lacedaemonios
1034 3261 1171 3326 ferantur,
1185 3280 1277 3336 neque
1294 3259 1360 3338 Syri

258 3341 392 3398 adversus
407 3340 565 3406 Phoenicas,
579 3358 671 3414 neque
685 3341 795 3398 Arabes
808 3341 838 3398 in
853 3341 1027 3407 Palestiuos,
1042 3360 1134 3416 neque
1147 3341 1217 3400 item
1227 3341 1358 3416 AEgyptii

258 3422 393 3478 adversus
413 3421 549 3478 finitimos
568 3421 696 3477 militiam
718 3427 880 3478 exerceant.
924 3419 983 3478 Sed
1002 3441 1037 3480 ex
1056 3421 1104 3477 illo
1124 3421 1152 3479 iu
1173 3421 1250 3478 huno
1270 3440 1359 3496 usque

258 3501 333 3558 diem
347 3501 410 3558 Deo
423 3500 536 3558 favente
557 3501 586 3556 iu
607 3518 695 3556 uuum
715 3499 810 3558 omnia
830 3501 951 3565 coivere,
967 3510 996 3558 et
1013 3519 1044 3558 re
1059 3519 1133 3564 vera,
1147 3501 1221 3558 siout
1240 3501 1271 3556 in
1291 3519 1356 3574 pro·

257 3581 356 3654 phetia
368 3581 474 3637 dietum
488 3579 590 3647 fuerat,
605 3579 778 3637 abundantia
798 3581 876 3654 pacis
897 3599 933 3638 ex
954 3581 1089 3656 gentibus
1109 3580 1225 3655 prodiit,
1240 3589 1269 3637 et
1286 3600 1358 3636 unus

257 3661 342 3719 lesus
362 3670 391 3718 et
411 3660 447 3716 ab
467 3660 530 3734 ipso
550 3659 747 3716 denuntiatum
767 3661 939 3734 evangelicae
961 3660 1097 3716 doctrine
1115 3661 1234 3717 verbum
1254 3660 1357 3734 priuci-

258 3750 355 3816 patum
369 3761 388 3798 ο
402 3743 471 3796 osori
484 3757 567 3813 usque
580 3739 619 3796 ud
630 3753 716 3804 mure,
731 3739 786 3796 hoe
801 3748 845 3796 est
863 3740 899 3796 ab
919 3741 1029 3798 oriente
1043 3739 1104 3796 sole
1118 3757 1206 3814 usque
1225 3740 1261 3796 ad
1282 3741 1356 3796 occi-

258 3819 382 3888 dentem,
404 3829 431 3877 et
452 3839 470 3874 ο
484 3819 648 3894 staminibus
668 3821 705 3876 od
727 3821 942 3892 ιιροπιοιίοιιοι
963 3828 1049 3886 toro,
1071 3819 1144 3876 sicut
1163 3837 1197 3876 ea
1214 3819 1356 3893 signitica-

257 3910 358 3956 vetant
372 3919 434 3974 quas
449 3899 524 3972 apud
539 3899 706 3973 prophetam
721 3899 856 3972 praedicta
870 3908 946 3964 aunt,
962 3901 1079 3973 accepit,
1095 3917 1157 3972 quae
1171 3918 1241 3955 sane
1252 3899 1358 3972 Aquila

258 3995 368 4050 quoque
382 3980 411 4034 in
426 3979 501 4033 hunc
516 3979 632 4034 modum
646 3978 846 4052 interpretatus
860 3987 913 4042 est,
932 3980 965 4034 Et
988 3979 1114 4051 loquetur
1128 3997 1222 4050 ροοιιιι
1243 3981 1271 4034 io
1290 3997 1355 4052 gera·

258 4054 337 4114 ιίὸιιι,
352 4063 379 4106 et
397 4064 521 4123 potestas
534 4059 592 4122 ejus
605 4076 622 4110 α
637 4059 710 4112 mari
724 4060 855 4129 usquead
868 4075 953 4121 mure,
968 4067 993 4114 et
1014 4079 1032 4114 ο
1042 4059 1206 4134 fluctionibus
1224 4077 1307 4130 ιιιηιιι
1321 4061 1359 4116 orl

247 4127 321 4193 fines
334 4134 421 4180 ιιιπσ.
466 4129 512 4182 Τιι
526 4149 593 4186 vero
608 4134 668 4188 haec
683 4144 847 4210 comparato
861 4154 926 4190 oum
941 4136 995 4191 illis
1012 4156 1074 4209 quae
1087 4137 1116 4192 in
1132 4137 1245 4193 Psalmo
1265 4139 1357 4194 conti·

256 4207 368 4258 nentur.
383 4201 431 4268 qui
441 4201 603 4273 ¹inscriptus
624 4218 668 4263 est
687 4212 714 4264 ἰιι
736 4211 916 4279 Salomonem,
932 4232 994 4286 quae
1009 4215 1140 4270 videlicet
1155 4216 1190 4271 de
1208 4217 1265 4272 filio
1280 4217 1358 4291 regis
