3120 4716
252 209 328 296 934Ι
719 210 905 275 EUSEBII
1331 229 1363 290 p.
1373 223 1490 289 473·-

1206 364 1346 397 lx&

251 368 391 471 μακράν
409 370 606 478 ἀπέρριψεν
624 371 920 469 ἀποσεισάμενος.
970 368 1162 451 Ὡσαύτως
1179 372 1217 447 δε
1234 402 1291 446 και
1309 401 1352 446 το

251 497 433 576 ιι“ε’πελθὸν
451 500 546 606 αὐτῷ
563 507 703 597 πνεῦμα
716 496 836 605 φόβου
854 495 877 595 ἢ
896 495 1028 599 τρόμου
1046 492 1229 593 ποιητικὸν
1246 494 1352 573 πνεύ-

250 657 336 720 ματι
371 623 527 725 θάρσους
565 627 623 704 καὶ
660 623 838 720 δυνάμεως
876 626 934 701 καὶ
969 621 1095 724 ἰσχύος
1131 619 1374 723 πορρωτάτωε

213 749 499 849 ιὺἀπηκύντισεν.
548 753 650 832 Ἐπεὶ
678 750 768 830 κατὰ
795 751 858 830 τὸν
876 747 1047 846 Ἠσαίαν,
1066 749 1350 828 “ε’πανεπαύσατο

249 880 302 956 ἐπ’
315 879 409 958 uiuit
426 877 515 975 μετά
533 885 605 956 τῶν
625 878 753 957 ἀλλων
769 875 980 973 πνευμάτων
995 880 1053 955 καί
1072 878 1207 979 πνεύμα
1222 873 1351 968 βουλῆς

252 1014 310 1084 καί
332 1003 462 1102 ἰσχύος.
521 1007 630 1084 Οὕτω
656 1002 778 1083 καὶτὸ
802 1012 942 1102 πνεῦμα
965 1009 1029 1080 τοῦ
1053 999 1206 1085 σκύτους
1223 1007 1268 1106 τῇ
1285 1009 1351 1080 τοῦ

251 1131 338 1210 ἰδίου
363 1130 484 1237 φωτὸς
505 1131 730 1211 ἀπεσκέδασε
754 1129 908 1228 δυνάμει.
959 1129 1061 1208 Ἐπεὶ
1089 1125 1131 1206 τὸ
1157 1147 1232 1236 φως
1256 1129 1285 1207 ἑν
1310 1134 1349 1238 τῇ

250 1257 373 1364 σκοτία
391 1260 533 1363 0φαίνει,
554 1266 613 1336 nul
633 1261 651 1349 ii
669 1258 791 1336 σκοτία
809 1255 890 1334 uiri
911 1261 945 1334 οὐ
966 1257 1171 1340 κατέλαβεν.
1221 1255 1392 1356 Etpasto

250 1383 279 1461 δ’
303 1378 348 1459 ἀν
376 1381 422 1460 τά
451 1380 689 1484 παραπλήσια
718 1378 855 1462 τούτοις
886 1383 944 1459 καὶ
974 1383 1010 1459 ἐν
1039 1385 1189 1487 εἰκοστῷ
1217 1379 1349 1487 πρώτῳ

249 1513 404 1614 Ψαλμῷ,
423 1509 461 1586 ἐν
479 1504 529 1613 Ρῷ
552 1506 664 1586 πάλιν
686 1509 724 1585 ἐκ
742 1514 806 1584 τοῦ
828 1507 936 1584 αὐτοῦ
954 1504 1122 1584 λε’λεκται
1140 1506 1380 1606 προσύπου,ἀ

248 1635 522 1742 περιεκύιιλωσάν
543 1669 588 1736 με
610 1634 736 1738 μύσχοι
761 1640 900 1722 πολλοὶ,
920 1635 1029 1734 ταύροι
1049 1634 1156 1716 πίονες
1173 1631 1349 1736 περιίσχον

247 1797 303 1865 με.
356 1759 512 1866 ’Ἤνοιξαν
538 1761 590 1840 ἐπ’
611 1757 671 1865 ε’μί
689 1763 725 1838 τί
745 1760 862 1863 ττίμα
884 1758 999 1852 uincit,
1019 1761 1064 1842 ὡς
1082 1757 1164 1837 λε’ων
1186 1767 1202 1838 ὁ
1228 1759 1346 1863 ἀρτά-

211 1889 309 1993 ιἵζων
330 1893 389 1966 καί
416 1887 595 1991 ἀρνύμενος.
656 1888 728 1964 Καὶ
754 1884 876 1981 πάλιν,
895 1885 943 1964 'iri
970 1882 1168 1963 ἐκύκλωτάν
1185 1919 1232 1986 με
1259 1883 1373 1968 κύνεςε

249 2019 387 2102 πολλοὶ,
407 2008 587 2114 συναγωγὴ
607 2009 852 2114 πονηρευομένων
868 2011 1042 2116 περιέσχον
1054 2043 1108 2114 με.
1151 2012 1223 2087 Καὶ
1240 2009 1350 2104 αὖθις,

250 2139 344 2245 ρύσαν
367 2135 437 2217 niul
463 2141 638 2246 ῥομφαίας
660 2136 713 2229 niu
731 2134 851 2246 ψυχάν
873 2143 1032 2240 μου,καί
1061 2139 1100 2216 ἐκ
1125 2136 1230 2239 χωρὶς
1258 2135 1350 2220 κυνίε

249 2261 302 2355 τὴν
329 2261 484 2364 μονογενῆ
511 2299 586 2365 μου.
643 2261 754 2344 Σῶσίν
781 2297 826 2362 με
855 2263 894 2341 iu
920 2265 1093 2363 στὸματος
1120 2255 1258 2349 λύοντες,
1287 2265 1348 2338 καί

211 2384 320 2466 inlini
345 2386 485 2496 κεράτων
510 2388 747 2493 Ἷμονοκερύτιυν
777 2385 830 2479 rin
857 2389 1050 2466 ταπείνωσίν
1077 2423 1156 2489 μου.
1215 2391 1349 2490 Σαφῶς
1362 2423 1391 2457 ¹0

247 2511 320 2615 γάρ
342 2517 379 2592 ἐν
400 2514 538 2598 τούτοις
561 2513 724 2610 δυνάμεις
748 2513 906 2612 πονηρὰς
930 2513 1080 2615 ταύρους
1103 2514 1161 2591 καὶ
1187 2509 1349 2614 μόσχους

247 2642 304 2718 καὶ
332 2637 480 2725 λέοντας
507 2645 565 2720 καί
597 2639 703 2724 κύνας
735 2643 793 2720 καὶ
824 2639 1069 2740 μονοκέρωτας
1100 2642 1283 2733 ἀποκαλεῖ,
1312 2637 1348 2715 αἰ

292 2835 314 2865 ¹¹¹
330 2828 446 2882 ἐπελθὼν
462 2829 490 2884 S.
642 2837 658 2867 ¹¹
673 2825 805 2881 ἐπαύσατο
820 2827 848 2881 S.
998 2833 1014 2864 ⁰
1028 2825 1151 2894 φαίνεις.
1167 2824 1182 2892 ἡ
1196 2844 1225 2878 σ.
1240 2825 1300 2878 odd.
1316 2825 1346 2877 P.

251 2907 332 2976 Ρτῷ]
350 2903 372 2979 ql
387 2907 416 2962 S.
499 2917 514 2961 (1
528 2909 709 2981 μονοκερῶτων
723 2925 777 2962 om.
795 2907 822 2960 S.

250 3045 323 3113 vitun,
341 3047 413 3120 (ipse
428 3049 504 3105 enirn
518 3049 599 3124 vita.)
615 3051 713 3123 procul
728 3049 906 3106 deturbatum
921 3049 1033 3123 abjecit.
1075 3048 1171 3104 Alium
1192 3054 1285 3105 nutem
1301 3048 1348 3122 qui

249 3127 341 3201 ipsum
355 3127 423 3183 item
438 3128 579 3186 invaserat
593 3129 723 3203 spiritum
737 3131 848 3186 timoris
861 3137 891 3186 et
904 3129 1036 3186 tremoris
1055 3129 1233 3194 efficientem,
1248 3129 1349 3204 spiritu

249 3205 438 3272 confidentiae.
456 3217 485 3266 et
504 3209 647 3283 potentiae,
669 3219 699 3266 et
719 3211 838 3276 roboris,
865 3209 1030 3284 longissime
1049 3227 1066 3265 a
1091 3227 1121 3266 se
1143 3209 1346 3283 praecipitavit:

251 3287 486 3362 quandoquidem,
501 3298 533 3346 nt
552 3298 596 3346 est
613 3291 688 3365 apud
706 3290 829 3353 Esaiam,
844 3293 943 3363 quieuit
963 3307 1115 3364 supereum
1133 3309 1188 3345 unu
1207 3308 1266 3345 ουυι
1287 3289 1348 3344 aliis

251 3367 394 3443 spiritibus
422 3370 507 3427 etiam
529 3372 642 3446 spiritus
666 3371 770 3427 consilii
796 3378 822 3427 et
840 3372 1027 3446 fortitudinis.
1075 3368 1123 3426 Sic
1150 3386 1236 3442 porro
1264 3370 1349 3425 etiam

251 3449 378 3524 spirltum
394 3451 574 3507 tenebrarum
588 3451 693 3526 proprii
707 3451 820 3507 luminis
836 3451 863 3506 vi
877 3450 1031 3525 dissipavit.
1046 3458 1197 3525 propterea
1210 3449 1286 3523 quod
1301 3450 1349 3504 lut

250 3532 279 3586 in
295 3530 408 3586 tenebris
422 3531 503 3596 lucet,
518 3539 544 3587 et
559 3532 668 3588 tenebrae
687 3549 746 3586 εουι
765 3549 818 3587 non
834 3531 1099 3604 comprehenderunt.
1142 3529 1285 3585 Caeterum
1303 3529 1348 3584 his

251 3609 352 3666 similia
366 3611 450 3668 etiam
470 3611 499 3666 in
514 3611 652 3686 vigesimo
668 3610 759 3684 primo
774 3611 886 3666 Psalmo
908 3611 1033 3666 invenire
1054 3609 1169 3684 poterin,
1183 3609 1213 3664 in
1234 3627 1291 3683 quo
1311 3627 1348 3665 ex

250 3691 376 3764 ejusdem
401 3709 522 3764 persona
538 3709 634 3747 rursus
658 3691 728 3746 illud
751 3691 857 3746 dictum
877 3699 930 3754 est,
955 3689 1187 3747 Circundedeiunt
1207 3709 1247 3746 me
1267 3689 1348 3745 vituli

248 3772 350 3828 nmtn':
372 3773 444 3828 tauri
467 3773 580 3845 pingues
601 3772 758 3827 obsederunt
778 3790 828 3827 me.
870 3771 1044 3844 Aperuerunt
1060 3787 1141 3842 super
1159 3788 1202 3826 nie
1225 3788 1255 3825 οο
1271 3787 1350 3825 suum

249 3854 322 3906 sicut
343 3855 384 3908 teo
404 3855 513 3926 rapiens
532 3860 558 3907 et
579 3854 697 3925 rugiens,
740 3849 781 3906 Et
795 3868 903 3916 rursus,
920 3851 1054 3915 Quoniam
1070 3851 1293 3906 circundederunt
1307 3867 1350 3905 ινιε

251 3949 332 3986 canen
344 3931 445 3988 multi:
472 3935 615 3988 concilium
628 3933 834 4005 malignantium
848 3931 948 3988 obsedit
962 3949 1011 3986 nne.
1057 3929 1095 3986 Et
1111 3947 1217 3994 rursus,
1235 3931 1311 3984 Erue
1330 3948 1350 3984 u

242 4007 356 4081 frumen
372 4012 452 4067 Deus
472 4014 588 4069 animum
609 4031 706 4077 πιεουι,
722 4019 748 4067 et
768 4012 802 4069 de
820 4029 901 4068 manu
915 4013 989 4066 canis
1004 4012 1108 4066 unicam
1124 4027 1219 4066 meum.
1263 4009 1348 4064 Salva

252 4105 293 4142 uie
307 4106 340 4142 eu
354 4108 400 4143 ore
413 4090 507 4154 teonis,
522 4100 578 4147 eta
593 4093 717 4149 cornibus
730 4092 899 4148 unicornium
922 4091 1103 4147 humilitatem
1123 4107 1218 4145 meum.
1262 4088 1348 4145 Plane

251 4163 326 4217 enim
341 4166 369 4218 in
384 4167 429 4219 his
451 4168 589 4239 malignas
610 4180 774 4242 potestates.
790 4181 944 4233 taurorum,
960 4177 989 4226 et
1003 4170 1164 4234 vitulorum,
1180 4177 1209 4225 et
1222 4169 1347 4232 leonum,

251 4249 279 4293 et
294 4257 403 4306 canum,
420 4251 447 4297 et
463 4245 637 4302 unicornium
652 4249 812 4306 nominibus
830 4251 961 4322 appellat,
977 4267 1038 4322 quae
1061 4249 1173 4323 quidem
1195 4248 1274 4304 illum
1296 4248 1348 4303 snb
