<?xml version="1.0" encoding="UTF-8"?>
<!DOCTYPE html PUBLIC "-//W3C//DTD XHTML 1.0 Transitional//EN"
    "http://www.w3.org/TR/xhtml1/DTD/xhtml1-transitional.dtd">
<html xmlns="http://www.w3.org/1999/xhtml" xml:lang="en" lang="en">
 <head>
  <title>
</title>
<meta http-equiv="Content-Type" content="text/html;charset=utf-8" />
  <meta name='ocr-system' content='tesseract 3.04.00' />
  <meta name='ocr-capabilities' content='ocr_page ocr_carea ocr_par ocr_line ocrx_word'/>
</head>
<body>
  <div class='ocr_page' id='page_1' title='image "./evangelicaedemo00donagoog/evangelicaedemo00donagoog_0153.png"; bbox 0 0 3132 4714; ppageno 0'>
   <div class='ocr_carea' id='block_1_1' title="bbox 273 225 1515 313">
    <p class='ocr_par' dir='ltr' id='par_1_1' title="bbox 273 225 1515 313">
     <span class='ocr_line' id='line_1_1' title="bbox 273 225 1515 313; baseline -0.002 -20"><span class='ocrx_word' id='word_1_1' title='bbox 273 225 338 293; x_wconf 90' lang='grc'>666</span> <span class='ocrx_word' id='word_1_2' title='bbox 719 227 904 292; x_wconf 85' lang='lat' dir='ltr'>EUSEBII</span> <span class='ocrx_word' id='word_1_3' title='bbox 1345 247 1515 313; x_wconf 79' lang='lat' dir='ltr'>p333—</span> 
     </span>
    </p>
   </div>
   <div class='ocr_carea' id='block_1_2' title="bbox 272 392 1371 625">
    <p class='ocr_par' dir='ltr' id='par_1_2' title="bbox 272 392 1371 625">
     <span class='ocr_line' id='line_1_2' title="bbox 273 392 1371 497; baseline 0.001 -23"><span class='ocrx_word' id='word_1_4' title='bbox 273 392 494 496; x_wconf 73' lang='grc' dir='ltr'>εὐαγγέλιον,</span> <span class='ocrx_word' id='word_1_5' title='bbox 512 396 837 497; x_wconf 83' lang='grc' dir='ltr'>παραιτησαμένοις</span> <span class='ocrx_word' id='word_1_6' title='bbox 864 394 900 474; x_wconf 75' lang='grc' dir='ltr'>δὲ</span> <span class='ocrx_word' id='word_1_7' title='bbox 928 393 970 474; x_wconf 86' lang='grc' dir='ltr'>τὸ</span> <span class='ocrx_word' id='word_1_8' title='bbox 997 403 1061 475; x_wconf 84' lang='grc' dir='ltr'>τοῦ</span> <span class='ocrx_word' id='word_1_9' title='bbox 1086 393 1236 494; x_wconf 83' lang='grc' dir='ltr'>Σιλωὰμ</span> <span class='ocrx_word' id='word_1_10' title='bbox 1259 395 1371 475; x_wconf 88' lang='grc' dir='ltr'>ποτὸν</span> 
     </span>
     <span class='ocr_line' id='line_1_3' title="bbox 272 519 1366 625; baseline 0.001 -26"><span class='ocrx_word' id='word_1_11' title='bbox 272 519 315 599; x_wconf 80' lang='grc' dir='ltr'>τὸ</span> <span class='ocrx_word' id='word_1_12' title='bbox 333 520 570 623; x_wconf 84' lang='grc' dir='ltr'>πορευόμενον</span> <span class='ocrx_word' id='word_1_13' title='bbox 583 522 714 625; x_wconf 76' lang='grc' dir='ltr'>ἡσυχῇ,</span> <span class='ocrx_word' id='word_1_14' title='bbox 725 520 906 601; x_wconf 58' lang='grc' dir='ltr'>ῑέπελθὼν</span> <span class='ocrx_word' id='word_1_15' title='bbox 924 523 944 600; x_wconf 87' lang='grc' dir='ltr'><strong><em>ὁ</em></strong></span> <span class='ocrx_word' id='word_1_16' title='bbox 964 521 1032 601; x_wconf 84' lang='grc' dir='ltr'>ὑπὸ</span> <span class='ocrx_word' id='word_1_17' title='bbox 1049 529 1112 602; x_wconf 86' lang='grc' dir='ltr'>τοῦ</span> <span class='ocrx_word' id='word_1_18' title='bbox 1129 527 1224 602; x_wconf 84' lang='grc' dir='ltr'>Θεοῦ</span> <span class='ocrx_word' id='word_1_19' title='bbox 1242 525 1366 600; x_wconf 82' lang='grc' dir='ltr'>κατευ-</span> 
     </span>
    </p>
   </div>
   <div class='ocr_carea' id='block_1_3' title="bbox 273 646 1418 760">
    <p class='ocr_par' dir='ltr' id='par_1_3' title="bbox 273 646 1418 760">
     <span class='ocr_line' id='line_1_4' title="bbox 273 646 1418 760; baseline 0.002 -34"><span class='ocrx_word' id='word_1_20' title='bbox 273 646 463 743; x_wconf 86' lang='grc' dir='ltr'>θυνόμενος</span> <span class='ocrx_word' id='word_1_21' title='bbox 492 649 680 746; x_wconf 86' lang='grc' dir='ltr'>Ῥωμαίων</span> <span class='ocrx_word' id='word_1_22' title='bbox 711 647 867 751; x_wconf 83' lang='grc' dir='ltr'>στρατὸς</span> <span class='ocrx_word' id='word_1_23' title='bbox 902 647 1122 747; x_wconf 82' lang='grc' dir='ltr'>ἀνελήλυθεν</span> <span class='ocrx_word' id='word_1_24' title='bbox 1153 650 1210 728; x_wconf 79' lang='grc' dir='ltr'>ἐπὶ</span> <span class='ocrx_word' id='word_1_25' title='bbox 1244 653 1370 728; x_wconf 79' lang='grc' dir='ltr'>πᾶσαν</span> <span class='ocrx_word' id='word_1_26' title='bbox 1416 752 1418 760; x_wconf 28' lang='lat'><strong><em>⁴</em></strong></span> 
     </span>
    </p>
   </div>
   <div class='ocr_carea' id='block_1_4' title="bbox 217 771 1412 2928">
    <p class='ocr_par' dir='ltr' id='par_1_4' title="bbox 271 771 1411 1382">
     <span class='ocr_line' id='line_1_5' title="bbox 273 771 1411 877; baseline 0.001 -26"><span class='ocrx_word' id='word_1_27' title='bbox 273 771 447 877; x_wconf 78' lang='grc' dir='ltr'>φάραγγα</span> <span class='ocrx_word' id='word_1_28' title='bbox 474 775 601 872; x_wconf 73' lang='grc' dir='ltr'>αὐτῶν,</span> <span class='ocrx_word' id='word_1_29' title='bbox 619 777 678 853; x_wconf 78' lang='grc' dir='ltr'>καὶ</span> <span class='ocrx_word' id='word_1_30' title='bbox 704 773 962 876; x_wconf 82' lang='grc' dir='ltr'>περιεπάτησεν</span> <span class='ocrx_word' id='word_1_31' title='bbox 980 776 1037 854; x_wconf 67' lang='grc' dir='ltr'>ὀπὶ</span> <span class='ocrx_word' id='word_1_32' title='bbox 1064 780 1138 854; x_wconf 82' lang='grc' dir='ltr'>πᾶν</span> <span class='ocrx_word' id='word_1_33' title='bbox 1162 780 1277 876; x_wconf 85' lang='grc' dir='ltr'>τεῖχος</span> <span class='ocrx_word' id='word_1_34' title='bbox 1300 774 1364 852; x_wconf 78' lang='grc' dir='ltr'>αὐ·</span> <span class='ocrx_word' id='word_1_35' title='bbox 1380 810 1411 844; x_wconf 82' lang='grc' dir='ltr'>ιο</span> 
     </span>
     <span class='ocr_line' id='line_1_6' title="bbox 272 899 1364 1007; baseline 0 -27"><span class='ocrx_word' id='word_1_36' title='bbox 272 907 355 998; x_wconf 85' lang='grc' dir='ltr'>τῶν,</span> <span class='ocrx_word' id='word_1_37' title='bbox 374 904 431 980; x_wconf 78' lang='grc' dir='ltr'>καὶ</span> <span class='ocrx_word' id='word_1_38' title='bbox 449 903 598 1007; x_wconf 79' lang='grc' dir='ltr'>ἀφεῖλεν</span> <span class='ocrx_word' id='word_1_39' title='bbox 615 900 688 981; x_wconf 77' lang='grc' dir='ltr'>ἀπὸ</span> <span class='ocrx_word' id='word_1_40' title='bbox 705 905 769 998; x_wconf 81' lang='grc' dir='ltr'>τῆς</span> <span class='ocrx_word' id='word_1_41' title='bbox 787 902 958 985; x_wconf 84' lang='grc' dir='ltr'>Ἰουδαίας</span> <span class='ocrx_word' id='word_1_42' title='bbox 983 902 1182 1004; x_wconf 76' lang='grc' dir='ltr'>ἄνθρωπον,</span> <span class='ocrx_word' id='word_1_43' title='bbox 1202 899 1241 983; x_wconf 79' lang='grc' dir='ltr'>ὃς</span> <span class='ocrx_word' id='word_1_44' title='bbox 1259 899 1364 999; x_wconf 59' lang='lat' dir='ltr'>duvii-</span> 
     </span>
     <span class='ocr_line' id='line_1_7' title="bbox 273 1024 1369 1138; baseline 0.001 -33"><span class='ocrx_word' id='word_1_45' title='bbox 273 1060 376 1106; x_wconf 87' lang='grc' dir='ltr'>σεται</span> <span class='ocrx_word' id='word_1_46' title='bbox 401 1025 565 1132; x_wconf 86' lang='grc' dir='ltr'>κεφαλὴν</span> <span class='ocrx_word' id='word_1_47' title='bbox 582 1024 675 1130; x_wconf 79' lang='grc' dir='ltr'>ἆραι,</span> <span class='ocrx_word' id='word_1_48' title='bbox 695 1024 738 1126; x_wconf 52' lang='grc' dir='ltr'>θῆ</span> <span class='ocrx_word' id='word_1_49' title='bbox 764 1025 914 1105; x_wconf 81' lang='grc' dir='ltr'>δυνατὸν</span> <span class='ocrx_word' id='word_1_50' title='bbox 932 1025 1227 1138; x_wconf 75' lang='grc' dir='ltr'>συντελέσασθαί</span> <span class='ocrx_word' id='word_1_51' title='bbox 1247 1058 1291 1122; x_wconf 79' lang='grc' dir='ltr'>τι,</span> <span class='ocrx_word' id='word_1_52' title='bbox 1310 1027 1369 1106; x_wconf 75' lang='grc' dir='ltr'>καὶ</span> 
     </span>
     <span class='ocr_line' id='line_1_8' title="bbox 274 1149 1399 1256; baseline 0 -25"><span class='ocrx_word' id='word_1_53' title='bbox 274 1152 418 1254; x_wconf 77' lang='grc' dir='ltr'>γε’γονεν</span> <span class='ocrx_word' id='word_1_54' title='bbox 445 1155 467 1252; x_wconf 85' lang='grc' dir='ltr'><em>ἡ</em></span> <span class='ocrx_word' id='word_1_55' title='bbox 495 1151 710 1256; x_wconf 79' lang='grc' dir='ltr'>παρεμβολὴ</span> <span class='ocrx_word' id='word_1_56' title='bbox 738 1160 803 1231; x_wconf 82' lang='grc' dir='ltr'>τοῦ</span> <span class='ocrx_word' id='word_1_57' title='bbox 831 1151 1052 1252; x_wconf 76' lang='grc' dir='ltr'>δηλωθέντος</span> <span class='ocrx_word' id='word_1_58' title='bbox 1078 1151 1247 1250; x_wconf 78' lang='grc' dir='ltr'>τοσαύτη,</span> <span class='ocrx_word' id='word_1_59' title='bbox 1273 1149 1399 1232; x_wconf 77' lang='grc' dir='ltr'>ὥστεᾱ</span> 
     </span>
     <span class='ocr_line' id='line_1_9' title="bbox 271 1276 1127 1382; baseline 0 -24"><span class='ocrx_word' id='word_1_60' title='bbox 271 1286 466 1382; x_wconf 80' lang='grc' dir='ltr'>πληρῶσαι</span> <span class='ocrx_word' id='word_1_61' title='bbox 484 1279 527 1359; x_wconf 78' lang='grc' dir='ltr'>τὸ</span> <span class='ocrx_word' id='word_1_62' title='bbox 544 1277 683 1364; x_wconf 78' lang='grc' dir='ltr'>πλάτος</span> <span class='ocrx_word' id='word_1_63' title='bbox 701 1283 765 1378; x_wconf 82' lang='grc' dir='ltr'>τῆς</span> <span class='ocrx_word' id='word_1_64' title='bbox 782 1279 953 1362; x_wconf 76' lang='grc' dir='ltr'>Ἰουδαίας</span> <span class='ocrx_word' id='word_1_65' title='bbox 972 1276 1127 1377; x_wconf 76' lang='grc' dir='ltr'>ἁπάσης.</span> 
     </span>
    </p>

    <p class='ocr_par' dir='ltr' id='par_1_5' title="bbox 219 1403 1391 1885">
     <span class='ocr_line' id='line_1_10' title="bbox 219 1403 1369 1512; baseline 0 -28"><span class='ocrx_word' id='word_1_66' title='bbox 219 1437 265 1472; x_wconf 76' lang='lat'>1²0</span> <span class='ocrx_word' id='word_1_67' title='bbox 331 1408 403 1484; x_wconf 83' lang='lat' dir='ltr'>Kal</span> <span class='ocrx_word' id='word_1_68' title='bbox 421 1403 527 1486; x_wconf 81' lang='grc' dir='ltr'>τοῦτό</span> <span class='ocrx_word' id='word_1_69' title='bbox 545 1440 587 1508; x_wconf 93' lang='grc' dir='ltr'>γε</span> <span class='ocrx_word' id='word_1_70' title='bbox 606 1405 696 1509; x_wconf 85' lang='grc' dir='ltr'>πρὸς</span> <span class='ocrx_word' id='word_1_71' title='bbox 714 1404 813 1512; x_wconf 83' lang='grc' dir='ltr'>λε’ξιν</span> <span class='ocrx_word' id='word_1_72' title='bbox 831 1407 941 1488; x_wconf 69' lang='grc' dir='ltr'>οὕτως</span> <span class='ocrx_word' id='word_1_73' title='bbox 960 1411 1007 1488; x_wconf 84' lang='grc' dir='ltr'>είς</span> <span class='ocrx_word' id='word_1_74' title='bbox 1025 1406 1173 1487; x_wconf 80' lang='grc' dir='ltr'>ἐκείνους</span> <span class='ocrx_word' id='word_1_75' title='bbox 1191 1404 1369 1504; x_wconf 76' lang='grc' dir='ltr'>ἐκπεπλή-</span> 
     </span>
     <span class='ocr_line' id='line_1_11' title="bbox 270 1529 1363 1634; baseline -0.001 -24"><span class='ocrx_word' id='word_1_76' title='bbox 270 1560 394 1634; x_wconf 85' lang='grc' dir='ltr'>ρωται·</span> <span class='ocrx_word' id='word_1_77' title='bbox 424 1531 481 1610; x_wconf 79' lang='grc' dir='ltr'>διὰ</span> <span class='ocrx_word' id='word_1_78' title='bbox 513 1534 620 1612; x_wconf 88' lang='grc' dir='ltr'>ποίαν</span> <span class='ocrx_word' id='word_1_79' title='bbox 648 1532 773 1626; x_wconf 80' lang='grc' dir='ltr'>αἰτίαν,</span> <span class='ocrx_word' id='word_1_80' title='bbox 792 1535 820 1609; x_wconf 80' lang='grc' dir='ltr'>εί</span> <span class='ocrx_word' id='word_1_81' title='bbox 852 1529 896 1629; x_wconf 78' lang='grc' dir='ltr'>δὴ</span> <span class='ocrx_word' id='word_1_82' title='bbox 926 1537 1051 1629; x_wconf 77' lang='grc' dir='ltr'>μαθεῖν</span> <span class='ocrx_word' id='word_1_83' title='bbox 1078 1529 1221 1628; x_wconf 70' lang='grc' dir='ltr'>ἐθέλεις,</span> <span class='ocrx_word' id='word_1_84' title='bbox 1248 1531 1363 1610; x_wconf 57' lang='lat' dir='ltr'>oleove.</span> 
     </span>
     <span class='ocr_line' id='line_1_12' title="bbox 264 1655 1391 1759; baseline -0.002 -21"><span class='ocrx_word' id='word_1_85' title='bbox 264 1657 353 1738; x_wconf 88' lang='grc' dir='ltr'>Ὅτι</span> <span class='ocrx_word' id='word_1_86' title='bbox 369 1661 449 1758; x_wconf 90' lang='grc' dir='ltr'>μεθ’</span> <span class='ocrx_word' id='word_1_87' title='bbox 466 1660 566 1758; x_wconf 81' lang='grc' dir='ltr'>ἡμῶν</span> <span class='ocrx_word' id='word_1_88' title='bbox 584 1662 604 1736; x_wconf 88' lang='grc' dir='ltr'>ὀ</span> <span class='ocrx_word' id='word_1_89' title='bbox 623 1659 716 1743; x_wconf 84' lang='grc' dir='ltr'>Θεὸς</span> <span class='ocrx_word' id='word_1_90' title='bbox 733 1655 978 1757; x_wconf 78' lang='grc' dir='ltr'>Ἐμμανουὴλ,</span> <span class='ocrx_word' id='word_1_91' title='bbox 997 1659 1017 1736; x_wconf 85' lang='grc' dir='ltr'><strong>ὁ</strong></span> <span class='ocrx_word' id='word_1_92' title='bbox 1041 1658 1080 1736; x_wconf 81' lang='grc' dir='ltr'>ἐκ</span> <span class='ocrx_word' id='word_1_93' title='bbox 1102 1661 1166 1756; x_wconf 78' lang='grc' dir='ltr'>τῆς</span> <span class='ocrx_word' id='word_1_94' title='bbox 1190 1657 1391 1759; x_wconf 73' lang='grc' dir='ltr'>παρθένουε</span> 
     </span>
     <span class='ocr_line' id='line_1_13' title="bbox 271 1778 1368 1885; baseline -0.002 -23"><span class='ocrx_word' id='word_1_95' title='bbox 271 1785 533 1885; x_wconf 70' lang='grc' dir='ltr'>γεγεννημενος,</span> <span class='ocrx_word' id='word_1_96' title='bbox 553 1784 638 1862; x_wconf 85' lang='grc' dir='ltr'>ἀλλ’</span> <span class='ocrx_word' id='word_1_97' title='bbox 655 1785 697 1862; x_wconf 81' lang='grc' dir='ltr'>οὐ</span> <span class='ocrx_word' id='word_1_98' title='bbox 716 1788 773 1864; x_wconf 81' lang='grc' dir='ltr'>καὶ</span> <span class='ocrx_word' id='word_1_99' title='bbox 791 1784 866 1882; x_wconf 82' lang='grc' dir='ltr'>μετ’</span> <span class='ocrx_word' id='word_1_100' title='bbox 881 1784 998 1862; x_wconf 67' lang='grc' dir='ltr'>αὐτῶν</span> <span class='ocrx_word' id='word_1_101' title='bbox 1016 1779 1071 1880; x_wconf 74' lang='grc' dir='ltr'>ἦν·</span> <span class='ocrx_word' id='word_1_102' title='bbox 1100 1783 1148 1865; x_wconf 83' lang='grc' dir='ltr'>ὡς</span> <span class='ocrx_word' id='word_1_103' title='bbox 1165 1782 1199 1862; x_wconf 82' lang='grc' dir='ltr'>εί</span> <span class='ocrx_word' id='word_1_104' title='bbox 1213 1817 1255 1884; x_wconf 92' lang='grc' dir='ltr'>γε</span> <span class='ocrx_word' id='word_1_105' title='bbox 1273 1778 1368 1884; x_wconf 81' lang='grc' dir='ltr'>εἶχον</span> 
     </span>
    </p>

    <p class='ocr_par' dir='ltr' id='par_1_6' title="bbox 217 1904 1412 2518">
     <span class='ocr_line' id='line_1_14' title="bbox 217 1904 1369 2013; baseline 0.003 -27"><span class='ocrx_word' id='word_1_106' title='bbox 217 1942 261 1977; x_wconf 75' lang='lat'>121</span> <span class='ocrx_word' id='word_1_107' title='bbox 271 1907 389 2003; x_wconf 81' lang='grc' dir='ltr'>αὐτὸν,</span> <span class='ocrx_word' id='word_1_108' title='bbox 409 1909 473 1987; x_wconf 80' lang='grc' dir='ltr'>οὐκ</span> <span class='ocrx_word' id='word_1_109' title='bbox 490 1906 534 1987; x_wconf 83' lang='grc' dir='ltr'>ἂν</span> <span class='ocrx_word' id='word_1_110' title='bbox 551 1917 664 1988; x_wconf 83' lang='grc' dir='ltr'>ταῦτα</span> <span class='ocrx_word' id='word_1_111' title='bbox 681 1907 933 1989; x_wconf 84' lang='grc' dir='ltr'>πεπόνθεισαν.</span> <span class='ocrx_word' id='word_1_112' title='bbox 970 1905 1039 1986; x_wconf 85' lang='grc' dir='ltr'>Διὸ</span> <span class='ocrx_word' id='word_1_113' title='bbox 1058 1904 1102 2005; x_wconf 81' lang='grc' dir='ltr'>δὴ</span> <span class='ocrx_word' id='word_1_114' title='bbox 1118 1906 1202 2013; x_wconf 81' lang='grc' dir='ltr'>ἑξῆς</span> <span class='ocrx_word' id='word_1_115' title='bbox 1219 1909 1240 1986; x_wconf 83' lang='grc' dir='ltr'><em>ὃ</em></span> <span class='ocrx_word' id='word_1_116' title='bbox 1258 1905 1369 2008; x_wconf 85' lang='grc' dir='ltr'>λόγος</span> 
     </span>
     <span class='ocr_line' id='line_1_15' title="bbox 270 2031 1368 2139; baseline 0.002 -28"><span class='ocrx_word' id='word_1_117' title='bbox 270 2038 343 2116; x_wconf 86' lang='grc' dir='ltr'>τοῖς</span> <span class='ocrx_word' id='word_1_118' title='bbox 362 2033 501 2128; x_wconf 79' lang='grc' dir='ltr'>ἔθνεσιν</span> <span class='ocrx_word' id='word_1_119' title='bbox 518 2035 704 2128; x_wconf 81' lang='grc' dir='ltr'>ἐπιβοᾶται</span> <span class='ocrx_word' id='word_1_120' title='bbox 720 2035 784 2113; x_wconf 85' lang='grc' dir='ltr'>τὸν</span> <span class='ocrx_word' id='word_1_121' title='bbox 795 2031 1025 2139; x_wconf 70' lang='grc' dir='ltr'>Ἐμμανιυλλ,</span> <span class='ocrx_word' id='word_1_122' title='bbox 1043 2032 1171 2134; x_wconf 78' lang='grc' dir='ltr'>λέγων,</span> <span class='ocrx_word' id='word_1_123' title='bbox 1188 2031 1262 2135; x_wconf 79' lang='grc' dir='ltr'>μεθ’</span> <span class='ocrx_word' id='word_1_124' title='bbox 1282 2032 1368 2137; x_wconf 60' lang='lat' dir='ltr'>»padi</span> 
     </span>
     <span class='ocr_line' id='line_1_16' title="bbox 271 2158 1412 2261; baseline 0 -23"><span class='ocrx_word' id='word_1_125' title='bbox 271 2169 286 2238; x_wconf 83' lang='grc' dir='ltr'><strong><em>ὁ</em></strong></span> <span class='ocrx_word' id='word_1_126' title='bbox 316 2159 410 2244; x_wconf 84' lang='grc' dir='ltr'>Θείε·</span> <span class='ocrx_word' id='word_1_127' title='bbox 439 2159 542 2261; x_wconf 70' lang='lat' dir='ltr'>pidre</span> <span class='ocrx_word' id='word_1_128' title='bbox 576 2158 639 2253; x_wconf 77' lang='grc' dir='ltr'>ἔθνη</span> <span class='ocrx_word' id='word_1_129' title='bbox 672 2168 731 2240; x_wconf 70' lang='grc' dir='ltr'>καὶ</span> <span class='ocrx_word' id='word_1_130' title='bbox 765 2159 915 2253; x_wconf 76' lang='grc' dir='ltr'>ἡττῖἱτθε.</span> <span class='ocrx_word' id='word_1_131' title='bbox 978 2161 1051 2238; x_wconf 75' lang='grc' dir='ltr'>Καὶ</span> <span class='ocrx_word' id='word_1_132' title='bbox 1084 2168 1197 2238; x_wconf 80' lang='grc' dir='ltr'>ταῦτα</span> <span class='ocrx_word' id='word_1_133' title='bbox 1227 2161 1256 2238; x_wconf 74' lang='grc' dir='ltr'>δ’</span> <span class='ocrx_word' id='word_1_134' title='bbox 1285 2159 1308 2258; x_wconf 88' lang='grc' dir='ltr'><strong><em>ἡ</em></strong></span> <span class='ocrx_word' id='word_1_135' title='bbox 1336 2165 1352 2183; x_wconf 75' lang='grc'><strong><em>”</em></strong></span> <span class='ocrx_word' id='word_1_136' title='bbox 1379 2191 1412 2226; x_wconf 84' lang='lat'>¹0</span> 
     </span>
     <span class='ocr_line' id='line_1_17' title="bbox 270 2283 1369 2391; baseline 0.001 -28"><span class='ocrx_word' id='word_1_137' title='bbox 270 2283 503 2386; x_wconf 77' lang='grc' dir='ltr'>ἑρμηνεύεται,</span> <span class='ocrx_word' id='word_1_138' title='bbox 520 2291 567 2368; x_wconf 82' lang='grc' dir='ltr'>εἰς</span> <span class='ocrx_word' id='word_1_139' title='bbox 586 2285 627 2364; x_wconf 81' lang='grc' dir='ltr'>τὸ</span> <span class='ocrx_word' id='word_1_140' title='bbox 645 2289 891 2386; x_wconf 79' lang='grc' dir='ltr'>παραστῆσαι,</span> <span class='ocrx_word' id='word_1_141' title='bbox 905 2288 954 2369; x_wconf 80' lang='grc' dir='ltr'>ὡς</span> <span class='ocrx_word' id='word_1_142' title='bbox 971 2283 1058 2365; x_wconf 80' lang='grc' dir='ltr'>ποτέ</span> <span class='ocrx_word' id='word_1_143' title='bbox 1077 2285 1142 2384; x_wconf 77' lang='grc' dir='ltr'>μὲν</span> <span class='ocrx_word' id='word_1_144' title='bbox 1159 2284 1250 2364; x_wconf 78' lang='grc' dir='ltr'>κατὰ</span> <span class='ocrx_word' id='word_1_145' title='bbox 1268 2284 1369 2391; x_wconf 83' lang='grc' dir='ltr'>λε’ξιν</span> 
     </span>
     <span class='ocr_line' id='line_1_18' title="bbox 270 2410 1368 2518; baseline 0.001 -29"><span class='ocrx_word' id='word_1_146' title='bbox 270 2410 358 2489; x_wconf 78' lang='grc' dir='ltr'>ποτὲ</span> <span class='ocrx_word' id='word_1_147' title='bbox 385 2410 422 2490; x_wconf 79' lang='grc' dir='ltr'>δὲ</span> <span class='ocrx_word' id='word_1_148' title='bbox 450 2414 495 2490; x_wconf 86' lang='grc' dir='ltr'>δι’</span> <span class='ocrx_word' id='word_1_149' title='bbox 515 2416 686 2513; x_wconf 70' lang='grc' dir='ltr'>αἰνιγμῶν</span> <span class='ocrx_word' id='word_1_150' title='bbox 710 2411 755 2490; x_wconf 82' lang='grc' dir='ltr'>τὰ</span> <span class='ocrx_word' id='word_1_151' title='bbox 779 2417 938 2491; x_wconf 87' lang='grc' dir='ltr'>πλεῖστα</span> <span class='ocrx_word' id='word_1_152' title='bbox 962 2417 1035 2490; x_wconf 82' lang='grc' dir='ltr'>τῶν</span> <span class='ocrx_word' id='word_1_153' title='bbox 1058 2417 1286 2518; x_wconf 85' lang='grc' dir='ltr'>προφητειῶν</span> <span class='ocrx_word' id='word_1_154' title='bbox 1307 2415 1368 2490; x_wconf 85' lang='grc' dir='ltr'>ε’κ-</span> 
     </span>
    </p>

    <p class='ocr_par' dir='ltr' id='par_1_7' title="bbox 217 2533 1371 2770">
     <span class='ocr_line' id='line_1_19' title="bbox 217 2533 1371 2640; baseline 0.003 -27"><span class='ocrx_word' id='word_1_155' title='bbox 217 2534 470 2634; x_wconf 81' lang='grc' dir='ltr'>ιιιλαμβιίνειν</span> <span class='ocrx_word' id='word_1_156' title='bbox 498 2540 558 2617; x_wconf 83' lang='grc' dir='ltr'>δεῖ.</span> <span class='ocrx_word' id='word_1_157' title='bbox 609 2533 741 2617; x_wconf 85' lang='grc' dir='ltr'>Ἔνθεν</span> <span class='ocrx_word' id='word_1_158' title='bbox 769 2535 820 2616; x_wconf 68' lang='grc' dir='ltr'>’δὲ</span> <span class='ocrx_word' id='word_1_159' title='bbox 852 2536 1076 2640; x_wconf 66' lang='grc' dir='ltr'>ὁρμωμένους</span> <span class='ocrx_word' id='word_1_160' title='bbox 1104 2536 1278 2640; x_wconf 81' lang='grc' dir='ltr'>προσήκει</span> <span class='ocrx_word' id='word_1_161' title='bbox 1311 2541 1371 2616; x_wconf 82' lang='grc' dir='ltr'>καὶ</span> 
     </span>
     <span class='ocr_line' id='line_1_20' title="bbox 270 2659 1366 2770; baseline 0.003 -30"><span class='ocrx_word' id='word_1_162' title='bbox 270 2659 317 2740; x_wconf 82' lang='grc' dir='ltr'>τὰ</span> <span class='ocrx_word' id='word_1_163' title='bbox 344 2662 455 2742; x_wconf 82' lang='grc' dir='ltr'>λοιπὰ</span> <span class='ocrx_word' id='word_1_164' title='bbox 481 2667 545 2760; x_wconf 81' lang='grc' dir='ltr'>τῆς</span> <span class='ocrx_word' id='word_1_165' title='bbox 571 2667 609 2742; x_wconf 83' lang='grc' dir='ltr'>ἐν</span> <span class='ocrx_word' id='word_1_166' title='bbox 630 2666 735 2767; x_wconf 83' lang='grc' dir='ltr'>χερσὶ</span> <span class='ocrx_word' id='word_1_167' title='bbox 762 2664 981 2770; x_wconf 87' lang='grc' dir='ltr'>προφητείας</span> <span class='ocrx_word' id='word_1_168' title='bbox 1005 2664 1133 2762; x_wconf 85' lang='grc' dir='ltr'>ὁμοίως</span> <span class='ocrx_word' id='word_1_169' title='bbox 1154 2668 1366 2768; x_wconf 78' lang='grc' dir='ltr'>ἐπιθεωρεῖν.</span> 
     </span>
    </p>

    <p class='ocr_par' dir='ltr' id='par_1_8' title="bbox 386 2835 1249 2928">
     <span class='ocr_line' id='line_1_21' title="bbox 386 2835 1249 2928; baseline 0.003 -34"><span class='ocrx_word' id='word_1_170' title='bbox 386 2839 526 2896; x_wconf 57' lang='lat' dir='ltr'>saraia</span> <span class='ocrx_word' id='word_1_171' title='bbox 541 2841 604 2928; x_wconf 69' lang='grc' dir='ltr'>ας.</span> <span class='ocrx_word' id='word_1_172' title='bbox 632 2843 647 2894; x_wconf 87' lang='grc' dir='ltr'>ι</span> <span class='ocrx_word' id='word_1_173' title='bbox 662 2841 723 2896; x_wconf 75' lang='grc' dir='ltr'>ιιι.</span> <span class='ocrx_word' id='word_1_174' title='bbox 739 2841 766 2895; x_wconf 80' lang='lat' dir='ltr'>a.</span> <span class='ocrx_word' id='word_1_175' title='bbox 850 2835 866 2883; x_wconf 76' lang='lat' dir='ltr'>h</span> <span class='ocrx_word' id='word_1_176' title='bbox 882 2839 934 2914; x_wconf 62' lang='lat' dir='ltr'>aa]</span> <span class='ocrx_word' id='word_1_177' title='bbox 950 2839 965 2909; x_wconf 77' lang='lat' dir='ltr'>a</span> <span class='ocrx_word' id='word_1_178' title='bbox 980 2841 1010 2894; x_wconf 78' lang='lat' dir='ltr'>r.</span> <span class='ocrx_word' id='word_1_179' title='bbox 1092 2836 1156 2916; x_wconf 70' lang='lat' dir='ltr'>ias]</span> <span class='ocrx_word' id='word_1_180' title='bbox 1171 2865 1202 2914; x_wconf 58' lang='grc' dir='ltr'>γε</span> <span class='ocrx_word' id='word_1_181' title='bbox 1218 2843 1249 2898; x_wconf 83' lang='lat' dir='ltr'>r.</span> 
     </span>
    </p>
   </div>
   <div class='ocr_carea' id='block_1_5' title="bbox 271 2991 1372 4344">
    <p class='ocr_par' dir='ltr' id='par_1_9' title="bbox 271 2991 1371 3546">
     <span class='ocr_line' id='line_1_22' title="bbox 272 2991 1369 3068; baseline 0.002 -20"><span class='ocrx_word' id='word_1_182' title='bbox 272 2991 340 3048; x_wconf 89' lang='lat' dir='ltr'>lium</span> <span class='ocrx_word' id='word_1_183' title='bbox 362 3011 419 3048; x_wconf 90' lang='lat' dir='ltr'>non</span> <span class='ocrx_word' id='word_1_184' title='bbox 441 3001 631 3068; x_wconf 84' lang='lat' dir='ltr'>susceperant,</span> <span class='ocrx_word' id='word_1_185' title='bbox 647 2992 697 3049; x_wconf 87' lang='lat' dir='ltr'>sed</span> <span class='ocrx_word' id='word_1_186' title='bbox 717 2999 816 3068; x_wconf 88' lang='lat' dir='ltr'>potum</span> <span class='ocrx_word' id='word_1_187' title='bbox 839 2991 956 3060; x_wconf 82' lang='lat' dir='ltr'>Siloam,</span> <span class='ocrx_word' id='word_1_188' title='bbox 971 2992 1019 3066; x_wconf 93' lang='lat' dir='ltr'>qui</span> <span class='ocrx_word' id='word_1_189' title='bbox 1037 2991 1141 3048; x_wconf 75' lang='lat' dir='ltr'><strong>labitur</strong></span> <span class='ocrx_word' id='word_1_190' title='bbox 1161 3010 1226 3049; x_wconf 86' lang='lat' dir='ltr'>oum</span> <span class='ocrx_word' id='word_1_191' title='bbox 1246 2992 1369 3062; x_wconf 88' lang='lat' dir='ltr'>silentio,</span> 
     </span>
     <span class='ocr_line' id='line_1_23' title="bbox 271 3069 1370 3147; baseline 0.002 -19"><span class='ocrx_word' id='word_1_192' title='bbox 271 3080 482 3140; x_wconf 80' lang='lat' dir='ltr'>recusaverunt,</span> <span class='ocrx_word' id='word_1_193' title='bbox 509 3073 702 3129; x_wconf 83' lang='lat' dir='ltr'>Romanorum</span> <span class='ocrx_word' id='word_1_194' title='bbox 730 3073 766 3128; x_wconf 91' lang='lat' dir='ltr'>ab</span> <span class='ocrx_word' id='word_1_195' title='bbox 793 3071 856 3147; x_wconf 88' lang='lat' dir='ltr'>ipso</span> <span class='ocrx_word' id='word_1_196' title='bbox 883 3069 948 3128; x_wconf 91' lang='lat' dir='ltr'>Deo</span> <span class='ocrx_word' id='word_1_197' title='bbox 976 3071 1099 3128; x_wconf 86' lang='lat' dir='ltr'>directus</span> <span class='ocrx_word' id='word_1_198' title='bbox 1126 3073 1267 3130; x_wconf 85' lang='lat' dir='ltr'>exereitus</span> <span class='ocrx_word' id='word_1_199' title='bbox 1293 3073 1370 3130; x_wconf 79' lang='lat' dir='ltr'>laeto</span> 
     </span>
     <span class='ocr_line' id='line_1_24' title="bbox 273 3151 1371 3227; baseline 0.003 -21"><span class='ocrx_word' id='word_1_200' title='bbox 273 3151 381 3224; x_wconf 86' lang='lat' dir='ltr'>impetu</span> <span class='ocrx_word' id='word_1_201' title='bbox 400 3153 558 3225; x_wconf 80' lang='lat' dir='ltr'>penetravit</span> <span class='ocrx_word' id='word_1_202' title='bbox 576 3152 605 3208; x_wconf 92' lang='lat' dir='ltr'>in</span> <span class='ocrx_word' id='word_1_203' title='bbox 626 3170 739 3209; x_wconf 87' lang='lat' dir='ltr'>omnem</span> <span class='ocrx_word' id='word_1_204' title='bbox 754 3151 910 3208; x_wconf 85' lang='lat' dir='ltr'>convallem</span> <span class='ocrx_word' id='word_1_205' title='bbox 925 3151 1061 3226; x_wconf 88' lang='lat' dir='ltr'>ipsorum,</span> <span class='ocrx_word' id='word_1_206' title='bbox 1076 3159 1106 3208; x_wconf 87' lang='lat' dir='ltr'>et</span> <span class='ocrx_word' id='word_1_207' title='bbox 1118 3153 1272 3209; x_wconf 74' lang='lat' dir='ltr'>ambulavit</span> <span class='ocrx_word' id='word_1_208' title='bbox 1286 3171 1371 3227; x_wconf 89' lang='lat' dir='ltr'>super</span> 
     </span>
     <span class='ocr_line' id='line_1_25' title="bbox 274 3230 1371 3307; baseline 0.004 -21"><span class='ocrx_word' id='word_1_209' title='bbox 274 3247 387 3286; x_wconf 85' lang='lat' dir='ltr'>omnem</span> <span class='ocrx_word' id='word_1_210' title='bbox 409 3249 521 3288; x_wconf 86' lang='lat' dir='ltr'>murum</span> <span class='ocrx_word' id='word_1_211' title='bbox 542 3232 677 3307; x_wconf 89' lang='lat' dir='ltr'>ipsorum,</span> <span class='ocrx_word' id='word_1_212' title='bbox 692 3240 722 3289; x_wconf 90' lang='lat' dir='ltr'>et</span> <span class='ocrx_word' id='word_1_213' title='bbox 735 3232 852 3289; x_wconf 87' lang='lat' dir='ltr'>abstulit</span> <span class='ocrx_word' id='word_1_214' title='bbox 871 3230 906 3288; x_wconf 87' lang='lat' dir='ltr'>de</span> <span class='ocrx_word' id='word_1_215' title='bbox 919 3231 1019 3289; x_wconf 80' lang='lat' dir='ltr'>Judaea</span> <span class='ocrx_word' id='word_1_216' title='bbox 1037 3232 1190 3298; x_wconf 87' lang='lat' dir='ltr'>hominem,</span> <span class='ocrx_word' id='word_1_217' title='bbox 1206 3232 1252 3306; x_wconf 92' lang='lat' dir='ltr'>qui</span> <span class='ocrx_word' id='word_1_218' title='bbox 1273 3240 1371 3307; x_wconf 88' lang='lat' dir='ltr'>posset</span> 
     </span>
     <span class='ocr_line' id='line_1_26' title="bbox 274 3310 1371 3386; baseline 0.003 -20"><span class='ocrx_word' id='word_1_219' title='bbox 274 3318 359 3385; x_wconf 88' lang='lat' dir='ltr'>caput</span> <span class='ocrx_word' id='word_1_220' title='bbox 378 3310 487 3376; x_wconf 87' lang='lat' dir='ltr'>tollere,</span> <span class='ocrx_word' id='word_1_221' title='bbox 508 3321 557 3369; x_wconf 90' lang='lat' dir='ltr'>aut</span> <span class='ocrx_word' id='word_1_222' title='bbox 577 3313 625 3386; x_wconf 92' lang='lat' dir='ltr'>qui</span> <span class='ocrx_word' id='word_1_223' title='bbox 646 3312 765 3368; x_wconf 86' lang='lat' dir='ltr'>idoneus</span> <span class='ocrx_word' id='word_1_224' title='bbox 789 3319 865 3368; x_wconf 85' lang='lat' dir='ltr'>esset</span> <span class='ocrx_word' id='word_1_225' title='bbox 885 3329 1082 3368; x_wconf 87' lang='lat' dir='ltr'>consummare</span> <span class='ocrx_word' id='word_1_226' title='bbox 1103 3311 1223 3386; x_wconf 90' lang='lat' dir='ltr'>aliquid:</span> <span class='ocrx_word' id='word_1_227' title='bbox 1246 3320 1277 3369; x_wconf 87' lang='lat' dir='ltr'>et</span> <span class='ocrx_word' id='word_1_228' title='bbox 1295 3313 1371 3369; x_wconf 79' lang='lat' dir='ltr'>faeta</span> 
     </span>
     <span class='ocr_line' id='line_1_27' title="bbox 273 3391 1369 3468; baseline 0.001 -20"><span class='ocrx_word' id='word_1_229' title='bbox 273 3398 340 3448; x_wconf 90' lang='lat' dir='ltr'>sunt</span> <span class='ocrx_word' id='word_1_230' title='bbox 360 3393 421 3467; x_wconf 83' lang='lat' dir='ltr'>ejus</span> <span class='ocrx_word' id='word_1_231' title='bbox 443 3401 537 3450; x_wconf 78' lang='lat' dir='ltr'>matra</span> <span class='ocrx_word' id='word_1_232' title='bbox 556 3392 627 3450; x_wconf 89' lang='lat' dir='ltr'>adeo</span> <span class='ocrx_word' id='word_1_233' title='bbox 651 3411 764 3468; x_wconf 87' lang='lat' dir='ltr'>magna,</span> <span class='ocrx_word' id='word_1_234' title='bbox 784 3399 816 3449; x_wconf 93' lang='lat' dir='ltr'>ut</span> <span class='ocrx_word' id='word_1_235' title='bbox 831 3391 969 3448; x_wconf 76' lang='lat' dir='ltr'>universae</span> <span class='ocrx_word' id='word_1_236' title='bbox 987 3391 1094 3450; x_wconf 77' lang='lat' dir='ltr'>Judaeae</span> <span class='ocrx_word' id='word_1_237' title='bbox 1118 3391 1294 3450; x_wconf 88' lang='lat' dir='ltr'>latitudinem</span> <span class='ocrx_word' id='word_1_238' title='bbox 1315 3393 1369 3449; x_wconf 90' lang='lat' dir='ltr'>im-</span> 
     </span>
     <span class='ocr_line' id='line_1_28' title="bbox 273 3471 421 3546; baseline 0.007 -18"><span class='ocrx_word' id='word_1_239' title='bbox 273 3471 421 3546; x_wconf 86' lang='lat' dir='ltr'>pleverint.</span> 
     </span>
    </p>

    <p class='ocr_par' dir='ltr' id='par_1_10' title="bbox 272 3551 1372 4344">
     <span class='ocr_line' id='line_1_29' title="bbox 314 3551 1371 3627; baseline 0 -19"><span class='ocrx_word' id='word_1_240' title='bbox 314 3553 353 3609; x_wconf 86' lang='lat' dir='ltr'>Et</span> <span class='ocrx_word' id='word_1_241' title='bbox 366 3553 421 3610; x_wconf 87' lang='lat' dir='ltr'>hoc</span> <span class='ocrx_word' id='word_1_242' title='bbox 442 3551 554 3627; x_wconf 87' lang='lat' dir='ltr'>quidem</span> <span class='ocrx_word' id='word_1_243' title='bbox 576 3573 626 3611; x_wconf 88' lang='lat' dir='ltr'>our</span> <span class='ocrx_word' id='word_1_244' title='bbox 646 3553 687 3610; x_wconf 89' lang='lat' dir='ltr'>ita</span> <span class='ocrx_word' id='word_1_245' title='bbox 708 3552 743 3609; x_wconf 95' lang='lat' dir='ltr'>ad</span> <span class='ocrx_word' id='word_1_246' title='bbox 761 3553 876 3610; x_wconf 88' lang='lat' dir='ltr'>verbum</span> <span class='ocrx_word' id='word_1_247' title='bbox 894 3559 993 3608; x_wconf 86' lang='lat' dir='ltr'>contra</span> <span class='ocrx_word' id='word_1_248' title='bbox 1013 3551 1077 3608; x_wconf 86' lang='lat' dir='ltr'>illos</span> <span class='ocrx_word' id='word_1_249' title='bbox 1098 3552 1269 3627; x_wconf 88' lang='lat' dir='ltr'>completum</span> <span class='ocrx_word' id='word_1_250' title='bbox 1284 3551 1371 3617; x_wconf 87' lang='lat' dir='ltr'>sit,si</span> 
     </span>
     <span class='ocr_line' id='line_1_30' title="bbox 275 3632 1371 3708; baseline 0 -20"><span class='ocrx_word' id='word_1_251' title='bbox 275 3632 318 3688; x_wconf 86' lang='lat' dir='ltr'>vis</span> <span class='ocrx_word' id='word_1_252' title='bbox 340 3633 458 3700; x_wconf 78' lang='lat' dir='ltr'>discere,</span> <span class='ocrx_word' id='word_1_253' title='bbox 474 3633 538 3689; x_wconf 87' lang='lat' dir='ltr'>audi</span> <span class='ocrx_word' id='word_1_254' title='bbox 555 3634 626 3708; x_wconf 87' lang='lat' dir='ltr'>jam.</span> <span class='ocrx_word' id='word_1_255' title='bbox 668 3633 782 3708; x_wconf 83' lang='lat' dir='ltr'>Nempe</span> <span class='ocrx_word' id='word_1_256' title='bbox 807 3632 940 3707; x_wconf 88' lang='lat' dir='ltr'>quoniam</span> <span class='ocrx_word' id='word_1_257' title='bbox 957 3632 1005 3690; x_wconf 90' lang='lat' dir='ltr'>ille</span> <span class='ocrx_word' id='word_1_258' title='bbox 1025 3632 1103 3688; x_wconf 87' lang='lat' dir='ltr'>Deus</span> <span class='ocrx_word' id='word_1_259' title='bbox 1124 3632 1300 3698; x_wconf 78' lang='lat' dir='ltr'>Emmanuel,</span> <span class='ocrx_word' id='word_1_260' title='bbox 1322 3632 1371 3706; x_wconf 89' lang='lat' dir='ltr'>qui</span> 
     </span>
     <span class='ocr_line' id='line_1_31' title="bbox 273 3711 1371 3788; baseline -0.001 -20"><span class='ocrx_word' id='word_1_261' title='bbox 273 3712 309 3769; x_wconf 88' lang='lat' dir='ltr'>de</span> <span class='ocrx_word' id='word_1_262' title='bbox 331 3713 441 3788; x_wconf 84' lang='lat' dir='ltr'>virgine</span> <span class='ocrx_word' id='word_1_263' title='bbox 462 3721 546 3770; x_wconf 89' lang='lat' dir='ltr'>natus</span> <span class='ocrx_word' id='word_1_264' title='bbox 567 3722 621 3778; x_wconf 88' lang='lat' dir='ltr'>est,</span> <span class='ocrx_word' id='word_1_265' title='bbox 640 3713 787 3770; x_wconf 87' lang='lat' dir='ltr'>nobiseum</span> <span class='ocrx_word' id='word_1_266' title='bbox 808 3713 870 3780; x_wconf 81' lang='lat' dir='ltr'>fuit,</span> <span class='ocrx_word' id='word_1_267' title='bbox 888 3731 945 3768; x_wconf 90' lang='lat' dir='ltr'>uon</span> <span class='ocrx_word' id='word_1_268' title='bbox 970 3730 1034 3768; x_wconf 86' lang='lat' dir='ltr'>eum</span> <span class='ocrx_word' id='word_1_269' title='bbox 1059 3712 1131 3768; x_wconf 84' lang='lat' dir='ltr'>illis:</span> <span class='ocrx_word' id='word_1_270' title='bbox 1154 3731 1221 3768; x_wconf 88' lang='lat' dir='ltr'>nam</span> <span class='ocrx_word' id='word_1_271' title='bbox 1243 3711 1267 3767; x_wconf 86' lang='lat' dir='ltr'>si</span> <span class='ocrx_word' id='word_1_272' title='bbox 1290 3712 1371 3768; x_wconf 88' lang='lat' dir='ltr'>illum</span> 
     </span>
     <span class='ocr_line' id='line_1_32' title="bbox 272 3791 1371 3868; baseline 0.001 -21"><span class='ocrx_word' id='word_1_273' title='bbox 272 3792 446 3857; x_wconf 78' lang='lat' dir='ltr'>habuissent,</span> <span class='ocrx_word' id='word_1_274' title='bbox 461 3811 605 3868; x_wconf 90' lang='lat' dir='ltr'>nunquam</span> <span class='ocrx_word' id='word_1_275' title='bbox 626 3793 694 3849; x_wconf 86' lang='lat' dir='ltr'>talia</span> <span class='ocrx_word' id='word_1_276' title='bbox 714 3793 789 3866; x_wconf 83' lang='lat' dir='ltr'>passi</span> <span class='ocrx_word' id='word_1_277' title='bbox 809 3800 915 3848; x_wconf 87' lang='lat' dir='ltr'>esseut.</span> <span class='ocrx_word' id='word_1_278' title='bbox 957 3793 1138 3866; x_wconf 84' lang='lat' dir='ltr'>Quapropter</span> <span class='ocrx_word' id='word_1_279' title='bbox 1155 3793 1215 3866; x_wconf 90' lang='lat' dir='ltr'>jam</span> <span class='ocrx_word' id='word_1_280' title='bbox 1237 3791 1371 3866; x_wconf 74' lang='lat' dir='ltr'>deinceps</span> 
     </span>
     <span class='ocr_line' id='line_1_33' title="bbox 273 3871 1371 3948; baseline 0.002 -22"><span class='ocrx_word' id='word_1_281' title='bbox 273 3872 417 3928; x_wconf 82' lang='lat' dir='ltr'>oraculum</span> <span class='ocrx_word' id='word_1_282' title='bbox 439 3872 475 3928; x_wconf 90' lang='lat' dir='ltr'>ad</span> <span class='ocrx_word' id='word_1_283' title='bbox 499 3880 601 3948; x_wconf 85' lang='lat' dir='ltr'>gentes</span> <span class='ocrx_word' id='word_1_284' title='bbox 617 3873 752 3929; x_wconf 84' lang='lat' dir='ltr'>inclamat</span> <span class='ocrx_word' id='word_1_285' title='bbox 773 3871 864 3946; x_wconf 91' lang='lat' dir='ltr'>ipsum</span> <span class='ocrx_word' id='word_1_286' title='bbox 884 3871 1061 3936; x_wconf 84' lang='lat' dir='ltr'>Emmanuel,</span> <span class='ocrx_word' id='word_1_287' title='bbox 1086 3871 1200 3928; x_wconf 86' lang='lat' dir='ltr'>dicens:</span> <span class='ocrx_word' id='word_1_288' title='bbox 1226 3871 1371 3928; x_wconf 80' lang='lat' dir='ltr'>Nobiscum</span> 
     </span>
     <span class='ocr_line' id='line_1_34' title="bbox 275 3950 1371 4028; baseline 0.002 -23"><span class='ocrx_word' id='word_1_289' title='bbox 275 3951 363 4016; x_wconf 84' lang='lat' dir='ltr'>Deus,</span> <span class='ocrx_word' id='word_1_290' title='bbox 377 3954 525 4025; x_wconf 74' lang='lat' dir='ltr'>copnonite</span> <span class='ocrx_word' id='word_1_291' title='bbox 543 3961 634 4028; x_wconf 74' lang='lat' dir='ltr'>pentes</span> <span class='ocrx_word' id='word_1_292' title='bbox 653 3960 681 4007; x_wconf 84' lang='lat' dir='ltr'>at</span> <span class='ocrx_word' id='word_1_293' title='bbox 700 3954 847 4008; x_wconf 81' lang='lat' dir='ltr'>vincimini.</span> <span class='ocrx_word' id='word_1_294' title='bbox 890 3951 932 4008; x_wconf 85' lang='lat' dir='ltr'>Et</span> <span class='ocrx_word' id='word_1_295' title='bbox 947 3951 1007 4008; x_wconf 84' lang='lat' dir='ltr'>haec</span> <span class='ocrx_word' id='word_1_296' title='bbox 1022 3950 1135 4025; x_wconf 90' lang='lat' dir='ltr'>quidem</span> <span class='ocrx_word' id='word_1_297' title='bbox 1149 3969 1202 4007; x_wconf 87' lang='lat' dir='ltr'>nos</span> <span class='ocrx_word' id='word_1_298' title='bbox 1216 3951 1271 4007; x_wconf 88' lang='lat' dir='ltr'>hoc</span> <span class='ocrx_word' id='word_1_299' title='bbox 1286 3951 1371 4007; x_wconf 88' lang='lat' dir='ltr'>modo</span> 
     </span>
     <span class='ocr_line' id='line_1_35' title="bbox 274 4030 1371 4105; baseline 0.002 -21"><span class='ocrx_word' id='word_1_300' title='bbox 274 4030 452 4102; x_wconf 86' lang='lat' dir='ltr'>interpretati</span> <span class='ocrx_word' id='word_1_301' title='bbox 466 4049 572 4095; x_wconf 86' lang='lat' dir='ltr'>sumus,</span> <span class='ocrx_word' id='word_1_302' title='bbox 589 4041 620 4088; x_wconf 91' lang='lat' dir='ltr'>ut</span> <span class='ocrx_word' id='word_1_303' title='bbox 636 4032 849 4088; x_wconf 77' lang='lat' dir='ltr'>ostenderemus</span> <span class='ocrx_word' id='word_1_304' title='bbox 867 4031 1102 4105; x_wconf 86' lang='lat' dir='ltr'>quemadmodum</span> <span class='ocrx_word' id='word_1_305' title='bbox 1118 4050 1194 4088; x_wconf 89' lang='lat' dir='ltr'>nuno</span> <span class='ocrx_word' id='word_1_306' title='bbox 1208 4030 1319 4105; x_wconf 90' lang='lat' dir='ltr'>quidem</span> <span class='ocrx_word' id='word_1_307' title='bbox 1335 4030 1371 4086; x_wconf 86' lang='lat' dir='ltr'>ad</span> 
     </span>
     <span class='ocr_line' id='line_1_36' title="bbox 273 4108 1371 4186; baseline 0.004 -24"><span class='ocrx_word' id='word_1_308' title='bbox 273 4108 392 4163; x_wconf 80' lang='lat' dir='ltr'>verbum</span> <span class='ocrx_word' id='word_1_309' title='bbox 410 4127 486 4164; x_wconf 87' lang='lat' dir='ltr'>nune</span> <span class='ocrx_word' id='word_1_310' title='bbox 506 4120 600 4167; x_wconf 87' lang='lat' dir='ltr'>autem</span> <span class='ocrx_word' id='word_1_311' title='bbox 614 4131 666 4186; x_wconf 87' lang='lat' dir='ltr'>per</span> <span class='ocrx_word' id='word_1_312' title='bbox 683 4111 859 4169; x_wconf 78' lang='lat' dir='ltr'>obscuriores</span> <span class='ocrx_word' id='word_1_313' title='bbox 872 4111 979 4185; x_wconf 86' lang='lat' dir='ltr'>figuras</span> <span class='ocrx_word' id='word_1_314' title='bbox 993 4112 1144 4167; x_wconf 80' lang='lat' dir='ltr'>maximam</span> <span class='ocrx_word' id='word_1_315' title='bbox 1159 4111 1371 4186; x_wconf 85' lang='lat' dir='ltr'>prophetiarum</span> 
     </span>
     <span class='ocr_line' id='line_1_37' title="bbox 273 4187 1372 4264; baseline 0.005 -24"><span class='ocrx_word' id='word_1_316' title='bbox 273 4193 383 4258; x_wconf 85' lang='lat' dir='ltr'>partem</span> <span class='ocrx_word' id='word_1_317' title='bbox 406 4187 562 4260; x_wconf 85' lang='lat' dir='ltr'>intelligere</span> <span class='ocrx_word' id='word_1_318' title='bbox 584 4200 714 4264; x_wconf 87' lang='lat' dir='ltr'>oportet:</span> <span class='ocrx_word' id='word_1_319' title='bbox 739 4201 873 4247; x_wconf 85' lang='lat' dir='ltr'>caeterum</span> <span class='ocrx_word' id='word_1_320' title='bbox 896 4192 955 4264; x_wconf 89' lang='lat' dir='ltr'>jam</span> <span class='ocrx_word' id='word_1_321' title='bbox 980 4191 1045 4246; x_wconf 89' lang='lat' dir='ltr'>inde</span> <span class='ocrx_word' id='word_1_322' title='bbox 1070 4193 1216 4255; x_wconf 78' lang='lat' dir='ltr'>abeuntesr,</span> <span class='ocrx_word' id='word_1_323' title='bbox 1239 4191 1372 4246; x_wconf 81' lang='lat' dir='ltr'>convenit</span> 
     </span>
     <span class='ocr_line' id='line_1_38' title="bbox 275 4263 1370 4344; baseline 0.006 -25"><span class='ocrx_word' id='word_1_324' title='bbox 275 4263 361 4322; x_wconf 84' lang='lat' dir='ltr'>etiam</span> <span class='ocrx_word' id='word_1_325' title='bbox 381 4263 411 4320; x_wconf 91' lang='lat' dir='ltr'>id</span> <span class='ocrx_word' id='word_1_326' title='bbox 432 4266 508 4337; x_wconf 91' lang='lat' dir='ltr'>quod</span> <span class='ocrx_word' id='word_1_327' title='bbox 528 4267 563 4322; x_wconf 88' lang='lat' dir='ltr'>de</span> <span class='ocrx_word' id='word_1_328' title='bbox 583 4271 681 4326; x_wconf 83' lang='lat' dir='ltr'>eadem</span> <span class='ocrx_word' id='word_1_329' title='bbox 700 4271 848 4344; x_wconf 88' lang='lat' dir='ltr'>prophetia</span> <span class='ocrx_word' id='word_1_330' title='bbox 864 4280 991 4344; x_wconf 77' lang='lat' dir='ltr'>superest</span> <span class='ocrx_word' id='word_1_331' title='bbox 1011 4271 1094 4327; x_wconf 87' lang='lat' dir='ltr'>simili</span> <span class='ocrx_word' id='word_1_332' title='bbox 1116 4271 1225 4328; x_wconf 86' lang='lat' dir='ltr'>ratione</span> <span class='ocrx_word' id='word_1_333' title='bbox 1243 4279 1370 4327; x_wconf 85' lang='lat' dir='ltr'>oontem-</span> 
     </span>
    </p>
   </div>
   <div class='ocr_carea' id='block_1_6' title="bbox 0 0 1570 4714">
    <p class='ocr_par' dir='ltr' id='par_1_11' title="bbox 0 0 1570 4714">
     <span class='ocr_line' id='line_1_39' title="bbox 0 0 1570 4714; baseline 0 0"><span class='ocrx_word' id='word_1_334' title='bbox 0 0 1570 4714; x_wconf 95' lang='lat' dir='ltr'> </span> 
     </span>
    </p>
   </div>
  </div>
 </body>
</html>
