3120 4716
236 217 301 285 886
705 217 892 282 nusnmr
1320 231 1475 300 ,κμγ-

237 381 304 464 ται,
330 384 370 457 ὡς
392 381 573 477 ἕλαφος,ὁ
602 379 722 476 χωλὸς,
747 381 799 450 καί
826 380 927 475 τρανὴ
949 381 1045 450 ἔσται
1072 383 1215 471 γλῶσσα
1240 407 1341 471 μογι-

237 493 359 566 λάλιον.

216 661 228 694 2
296 629 369 706 Καὶ
403 624 539 705 τούτων
571 625 661 729 ἔχεις
693 628 730 704 ἐν
760 633 833 708 τοῖς
872 626 1090 727 εὐαγγελίοις
1127 621 1172 702 td
1207 626 1337 704 ἀποτε-

239 753 415 850 λέσματα,
438 760 568 831 θτοῦτο
597 750 673 850 μὲν,
701 752 850 851 ὁπηνίκα
881 759 933 860 τῷ
958 757 1100 854 Σωτῆρι
1128 755 1186 831 καὶ
1218 750 1340 857 Κυρίῳ
1352 787 1383 820 ιο

239 879 339 978 ἡμῶν
362 877 589 983 προσέφερον
612 876 854 980 παραλυτικὸν
880 881 937 958 ἐπὶ
962 878 1085 977 κλίνης
1103 875 1341 976 βεβλημένον,

240 1004 282 1085 δν
309 1008 367 1084 καὶ
398 1007 478 1107 ύγιῆ
511 1001 611 1111 λόγῳ
643 1003 902 1103 κατεστήσατο,
929 1015 1035 1086 τοῦτο
1063 1003 1110 1100 δέ,
1140 1003 1198 1084 ὅτε
1225 1004 1343 1107 μυρίοι

240 1135 373 1236 τυφλοὶ
396 1139 455 1210 καὶ
481 1134 735 1228 δαιμονιῶντες,
754 1131 805 1210 ἔτι
829 1131 902 1231 μὴν
926 1130 1109 1238 διαφόροις
1136 1128 1256 1214 νόσοις
1282 1132 1374 1208 naid

241 1259 431 1358 μαλακίαις
461 1258 769 1358 καταπονούμενοι,
798 1257 889 1362 πρὸς
921 1264 984 1358 τῆς
1021 1261 1130 1338 αὑτοῦ
1163 1257 1342 1360 σωτηρίου

219 1385 422 1484 ιδυνάμεως
459 1392 531 1465 τῶν
562 1391 688 1466 παθῶν
725 1384 1015 1486 ἀπηλλάττοντο·
1056 1387 1098 1464 οὐ
1133 1384 1205 1484 μὴν
1241 1383 1343 1463 ἀλλά

243 1517 302 1592 καὶ
329 1513 372 1591 δι’
393 1508 443 1591 ὧν
471 1511 578 1591 είσέτι
607 1519 670 1591 νῦν
697 1513 779 1591 καθ’
799 1510 888 1610 ὅλης
915 1517 979 1609 τῆς
1006 1511 1209 1611 οἰκουμένης
1234 1511 1342 1612 μυρία

242 1636 367 1738 πλήθη
386 1635 626 1740 πολυτρόποις
644 1638 767 1722 κακίας
784 1637 891 1716 εἴδεσι
910 1638 1085 1734 δεδεμένα
1104 1637 1286 1737 ἀγνωσίας
1302 1664 1365 1714 res

244 1773 308 1844 τοῦ
325 1767 382 1844 &ri
400 1763 545 1844 πάντων
564 1768 660 1843 Θεοῦ
678 1761 742 1846 τὰς
759 1761 898 1868 'doxain
915 1761 1189 1866 πεπληρωμένα,
1207 1767 1344 1860 θαυμα-

245 1891 334 1974 σίως
352 1892 412 1969 καὶ
437 1888 523 1992 ύπέρ
540 1888 660 1970 πάντα
678 1886 791 1989 λόγον
808 1897 883 1972 τοῖς
900 1893 960 1987 τῆς
982 1890 1218 1971 διδασκαλίας
1236 1890 1343 1967 αὑτοῦ

246 2015 447 2121 φαρμάκοις
470 2021 563 2094 ἰᾶται
588 2017 646 2093 καὶ
670 2015 864 2117 θεραπεύει·
904 2013 1004 2114 πλὴν
1026 2015 1080 2094 ὅτι
1109 2018 1167 2094 καὶ
1187 2013 1386 2099 Θεόςένῑο

245 2143 382 2225 τούτοις
403 2140 632 2243 ἀνηγόρευται
659 2141 750 2221 κατὰ
776 2141 908 2244 καιρὸν,
927 2146 976 2226 ὡς
1002 2137 1047 2220 ἀν
1072 2149 1219 2220 τοιαῦτα
1243 2143 1342 2243 ε’νερ·

245 2274 332 2368 γῶν,
346 2267 413 2368 ἤδη
431 2266 604 2370 πρότερον
621 2269 705 2368 ἡμῖν
723 2270 760 2346 ἐν
777 2275 854 2352 ταῖς
872 2270 953 2370 περὶ
970 2271 1034 2365 τῆς
1052 2265 1218 2366 θεότητος
1236 2267 1345 2346 atreo

221 2394 449 2495 ,μαρτυρίαις
476 2393 728 2474 ἀποδέδεικται.
789 2395 861 2472 Καὶ
889 2391 1022 2495 ἔπρεπέ
1038 2427 1080 2490 γε
1106 2401 1170 2470 νῦν
1194 2399 1292 2493 γοῦν,
1314 2395 1344 2470 εί

244 2523 301 2599 καὶ
330 2520 472 2604 ἄλλοτε,
497 2519 592 2598 Θεὸν
622 2519 730 2599 αὐτὸν
757 2522 1024 2620 ὁμολογεῖσθαι,
1050 2517 1133 2598 ’ὅτε
1166 2521 1223 2596 καὶ
1256 2517 1384 2620 ἕργαρ.
1396 2526 1463 2607 448

242 2647 337 2730 θείας
355 2647 413 2724 καὶ
432 2647 479 2726 ὡς
498 2648 641 2742 ἀληθῶς
656 2643 776 2740 ἐνθέου
793 2643 971 2742 δυνάμεως
986 2645 1215 2724 ἐπεδείκνυτο.
1249 2648 1345 2722 Θεοῦ

243 2771 315 2874 γάρ
330 2769 441 2871 μόνου
459 2770 503 2869 ἧν
521 2774 579 2850 καὶ
597 2768 675 2849 οὐδὲ
694 2770 813 2850 ἀλλον
829 2768 1003 2872 ῥωννύναι
1020 2767 1085 2867 μὲν
1103 2770 1343 2871 παρειμένους,

267 2985 282 3030 ‘l
297 2972 403 3046 τούτου]
420 2977 500 3027 τοῦτο
509 2974 539 3029 P.
554 2981 581 3027 et
595 2973 633 3027 tio
646 2973 723 3029 infru.
805 2981 818 3012 ¹·
831 2974 922 3043 ψνχάς
935 2994 964 3026 τε
975 2976 1021 3026 πλ.
1032 2973 1061 3026 S.
1146 2980 1158 3012 ⁸
1172 2971 1225 3046 δτι]
1237 2971 1280 3027 dre
1291 2973 1321 3026 P.

246 3148 370 3212 claudus,
384 3156 411 3204 et
423 3148 509 3222 plana
521 3149 573 3204 erit
584 3149 678 3222 lingua
691 3156 836 3206 mutorum.
867 3147 978 3204 Harum
991 3147 1079 3223 igitur
1093 3167 1188 3206 rerum
1201 3156 1303 3204 eventu
1315 3148 1346 3204 in

246 3227 400 3302 evangeliis
414 3227 511 3293 habes,
527 3245 602 3284 nunc
616 3229 740 3302 quidem,
756 3229 823 3286 dum
838 3228 875 3284 ed
894 3227 987 3302 ipsum
1008 3227 1186 3286 salvotorem
1199 3247 1233 3285 αο
1247 3229 1344 3284 1)οωὶ-

246 3328 314 3365 num
329 3318 459 3365 nostrum
472 3306 659 3382 paralyticum
673 3310 795 3366 efferunt
814 3309 844 3365 in
864 3309 939 3365 lecto
956 3309 1100 3383 jacentem
1115 3327 1200 3384 quem
1220 3307 1346 3382 pristine

246 3389 360 3446 nouitati
376 3408 431 3445 uno
453 3407 504 3444 suo
518 3388 605 3444 verbo
625 3389 757 3454 restituit,
773 3407 848 3446 nuno
864 3407 939 3454 vero,
955 3390 1022 3446 dom
1039 3389 1258 3447 innumerabiles
1279 3389 1347 3445 oteci

247 3479 277 3526 et
299 3469 437 3526 daemonia
461 3468 599 3525 hebentes
623 3487 735 3526 necnon
758 3469 844 3525 variis
866 3469 1080 3544 egritudinibus
1105 3477 1134 3527 et
1160 3469 1347 3544 languoribus

247 3549 341 3606 effecti
355 3549 486 3606 soluturis
499 3549 574 3604 illius
584 3549 698 3606 virtutis
711 3549 850 3606 beneficio
865 3549 900 3605 ab
915 3550 1047 3607 omnibus
1060 3549 1167 3607 morbis
1177 3549 1345 3606 liberantur:

247 3639 383 3704 praetereu
397 3629 482 3686 etiam
497 3629 673 3694 dominiis,
688 3647 750 3704 qoae
765 3630 793 3685 in
808 3638 870 3686 toto
885 3631 953 3687 orbe
967 3639 1106 3688 terrorum
1128 3629 1262 3695 ostendit,
1278 3630 1347 3686 dom

247 3710 466 3767 innumerabiles
493 3709 688 3766 multitudines
709 3709 794 3765 variis
821 3710 936 3767 mulitiae
961 3711 1113 3786 generibus
1140 3711 1290 3784 implicitus
1317 3718 1349 3766 et

247 3791 427 3866 ignoratione
449 3789 573 3863 supremi
591 3789 645 3846 Dei
666 3789 784 3846 refertas
805 3790 913 3846 animus
934 3791 1072 3849 hebentes
1096 3789 1298 3848 admirabiliter
1318 3799 1348 3847 et

249 3889 333 3945 supro
346 3889 460 3928 omnem
475 3871 613 3926 rationem
628 3869 763 3926 doctrioae
779 3887 836 3926 tuae
852 3871 1063 3929 medicamentis
1077 3879 1158 3928 curat
1172 3879 1201 3928 et
1215 3877 1306 3936 sanet,
1318 3878 1349 3926 et

248 3958 343 4007 tamen
365 3951 441 4025 quod
462 3950 546 4006 etiem
569 3948 597 4005 in
618 3949 663 4006 his
677 3949 755 4006 Deus
774 3951 930 4024 appelletur
948 3971 1000 4008 euo
1014 3960 1152 4026 tempore,
1166 3959 1302 4026 tunquam
1323 3950 1349 4007 ie

248 4029 296 4102 qui
310 4030 377 4084 tolio
391 4030 503 4094 efficiet,
514 4030 685 4104 jampridem
700 4049 716 4086 a
730 4030 812 4087 nobis
826 4031 874 4087 ubi
892 4031 928 4088 de
947 4032 1094 4088 divinitate
1109 4034 1170 4107 ejus
1184 4030 1349 4089 testimonie

248 4108 415 4179 protulimus
438 4109 663 4168 demonstratum
678 4119 730 4175 est,
746 4119 776 4168 et
790 4129 857 4168 sane
871 4112 895 4167 si
910 4130 1033 4186 unquam
1048 4113 1117 4169 elias
1135 4130 1211 4168 nuno
1224 4111 1349 4168 maxime

249 4186 411 4240 convenerit
425 4186 518 4239 Deum
539 4188 617 4244 illum
633 4191 770 4253 confiteri,
785 4191 898 4264 quondo
920 4201 948 4249 et
963 4192 1063 4249 divinae
1082 4201 1112 4248 et
1125 4210 1156 4249 re
1171 4209 1238 4248 vera
1254 4191 1349 4247 Deum

248 4260 402 4332 complexae
417 4262 530 4317 virtutis
548 4265 609 4335 jem
630 4268 713 4338 plone
728 4288 813 4342 opere
826 4271 924 4326 edidit.
968 4271 1113 4346 Siquidem
1129 4271 1211 4328 unius
1226 4271 1281 4328 Dei
1295 4289 1349 4328 nec
