3120 4716
68 262 195 332 -452·
438 251 665 316 uunonsn.
690 250 860 316 nvnnu.
885 251 952 315 ix.
975 269 1019 336 15.
1247 253 1311 319 895

207 421 362 514 κρατήσοι
379 425 436 501 τῖης
457 419 566 516 χειρός
589 449 660 500 σου,
677 419 729 489 καῖ
752 419 912 514 ἐνισχύσω
935 449 984 502 σε,
1001 417 1053 486 καῖ
1078 416 1178 487 ἐδιοκό
1205 450 1244 489 σε
1269 421 1312 494 εἷς

209 530 358 616 διαθήκην
381 535 500 626 ηένους,
518 537 560 612 εῖς
581 540 653 631 φῶς
673 535 778 618 ἐθνῶν,
795 531 920 626 ἆνοῖξαι
945 531 1141 629 ὀφθαλμούς
1161 537 1310 628 τυφλῶν,

208 647 260 716 καῖ
287 643 464 740 ἐξαγαγεῖν
488 650 521 718 ἐκ
548 646 673 730 δεσμῶν
699 646 887 730 δεδεμένους,
911 648 962 718 καῖ
990 645 1028 740 ἐξ
1051 648 1140 717 οῖκου
1166 652 1334 744 φυλακῆςε

208 762 400 844 καθημένους
417 764 449 833 ἐν
466 762 591 834 σκότει.

186 921 200 955 ²
268 895 339 970 Καὶ
366 889 497 990 ταύτης
524 894 544 969 ὁ
568 889 828 994 εύαγγελιστὴς
853 891 1062 990 μνημονεύει
1085 895 1149 991 τῆς
1171 891 1312 997 λέξεως,

210 1016 268 1096 ὅτε
294 1015 499 1122 ἐξελθόντες
518 1028 545 1098 οἱ
563 1023 733 1126 Φαρισαῖοι
756 1017 959 1122 συμβούλιον
984 1019 1108 1108 ἐλαβεν
1133 1018 1223 1098 κατὰ
1249 1029 1312 1099 τοῦ

211 1147 377 1246 Σωτῆρος
409 1146 509 1243 ἡμῶν
547 1144 637 1230 ’ὅπως
670 1141 787 1224 ‘abrit
824 1143 1049 1236 ιἰπολέσοισιν,
1083 1145 1201 1245 ἐπειδὴ
1238 1154 1311 1230 τοῖς

210 1266 401 1364 σάββασιν
433 1267 515 1352 τοὺς
547 1267 745 1368 κάμνοντας
778 1271 972 1374 ἐθεράπευε.
1031 1269 1087 1350 Tb
1119 1280 1352 1370 mortubrum

208 1395 290 1497 γὰρ,
309 1391 356 1478 ὥς
374 1408 477 1501 φησι,
496 1393 603 1494 γνούς
622 1397 642 1473 ὁ
661 1395 803 1493 Ἰησοῦς
821 1394 886 1495 τὴν
905 1399 980 1476 κατ’
1000 1398 1108 1476 αὐτοῦ
1126 1396 1310 1496 συσκευὴν

207 1521 404 1627 ἀνεχώρησεν
433 1520 558 1612 ἐκεῖθεν,
587 1530 645 1601 καῖ
675 1519 894 1614 ἠκολούθησαν
923 1528 1012 1628 αὐτῷ
1041 1525 1140 1620 ῖχλοι
1169 1531 1338 1613 πολλαὶς

212 1653 270 1726 καῖ
291 1645 498 1753 ἐθεράπευσεν
518 1645 634 1732 αὐτοὺς
653 1648 802 1738 πάντας,
820 1655 879 1727 καῖ
899 1648 1109 1754 ῑὲπέπληξεν
1129 1653 1239 1735 αὐτοῖς
1256 1651 1312 1729 ἰ’να

188 1771 257 1877 spuit
286 1775 419 1880 φανερδι
447 1774 542 1854 atrii
569 1775 758 1867 ποιήσασιν.
819 1773 887 1858 Οἷς
911 1775 1068 1881 ἐπιφέρει
1096 1775 1223 1876 λέγων,
1251 1782 1310 1855 καὶ

210 1901 320 1979 wire
337 1901 455 1979 mirre
473 1898 603 2000 γέγονε,
623 1899 786 1979 τουτέστι
811 1899 853 1978 τὸ
879 1903 1074 2004 ἀναχωρεῖν
1093 1898 1235 1998 ιἀι’ντῖιν,
1254 1906 1336 1980 καῖε

210 2022 252 2102 rb
270 2026 440 2103 ἐκκλίνειν
457 2021 540 2106 τοὺς
558 2023 781 2120 ἐπιβούλους,
800 2027 858 2102 καὶ
876 2025 917 2104 τὸ
937 2024 1125 2105 λανθάνειν
1143 2024 1306 2105 σπουδά-

212 2150 280 2252 ζειν
304 2152 342 2229 ἐν
366 2149 418 2234 οἷς
442 2149 574 2255 ἔπραξε
602 2149 828 2256 παραδόξοις,
855 2153 912 2229 καῖ
939 2149 981 2230 τὸ
1008 2157 1214 2254 παρεγγυᾶν
1238 2160 1312 2236 τοῖς

211 2275 497 2379 θεραπευομένοις
515 2275 565 2375 μὴ
585 2273 738 2382 φανερὸν
757 2273 865 2356 αὐτὸν
883 2283 1003 2373 ποιεῖν,
1020 2278 1075 2357 ‘ivn
1098 2277 1250 2386 πληρωθῇ
1273 2279 1309 2359 rb

211 2402 292 2504 ῥηθέν
320 2401 378 2482 dab
405 2407 459 2484 τού
489 2406 654 2511 προφήτου
684 2398 944 2506 λέγοντος,’1διῖι
973 2412 988 2483 d
1023 2409 1109 2488 παῖς
1139 2442 1217 2510 μου,
1248 2402 1310 2490 ἱεἷς
1322 2449 1351 2484 ιο

209 2531 241 2610 ’δν
270 2524 446 2626 εὐδόκησα,
480 2537 494 2608 ὁ
528 2531 711 2630 ἀγαπητός
741 2565 806 2633 μου
834 2531 865 2609 bv
893 2527 1026 2643 ᾖρέτισεν
1054 2569 1071 2622 η
1100 2525 1204 2636 φοχη
1230 2567 1308 2634 μου.

212 2657 314 2749 Θύσιο
344 2654 378 2734 rb
411 2649 547 2758 πνεῧριοί
573 2689 637 2753 μου
665 2654 718 2732 ἐπ’
743 2652 848 2742 αύτδν,
881 2663 940 2733 καῖ
974 2657 1076 2759 κρίσιν
1104 2660 1172 2740 τοῖς
1199 2653 1312 2734 ἔθνεσιν

252 2811 360 2870 faber
375 2815 404 2870 S.
511 2814 687 2883 Sr'srr'nbnow
702 2813 730 2868 S.
845 2809 953 2868 hatrat
969 2813 996 2868 S.
1110 2808 1161 2868 Ιὃν
1173 2812 1311 2884 ῄρῖτισαδ

212 2896 343 2969 ἀγαπητός
358 2917 409 2963 μου
423 2893 460 2950 cir
473 2891 503 2946 bv
517 2893 667 2967 εὐδόκησιν]
690 2894 726 2951 eir
745 2892 775 2948 δν
792 2893 928 2963 εὐδόκησα,
944 2895 958 2947 d
971 2895 1103 2967 ἀγαπητός
1119 2917 1169 2964 μου
1183 2892 1213 2948 δν
1226 2892 1312 2966 ἦρέτι-

213 2998 261 3032 σιν
276 2976 336 3030 RS.
362 2993 423 3029 cnm
437 2975 592 3045 interprete.

205 3097 308 3172 fiotum
319 3096 430 3170 populo.
445 3093 492 3166 qui
505 3101 546 3149 est
559 3095 588 3149 in
602 3112 644 3157 eu,
660 3102 688 3150 et
705 3097 828 3169 spiritum
845 3095 1012 3152 calcantibus
1025 3115 1092 3161 eum,
1107 3114 1156 3171 ego
1175 3095 1312 3152 Durninue

217 3176 291 3233 Deus
306 3185 370 3232 tuuc
382 3175 476 3230 οοεαοῖ
491 3181 518 3228 te
533 3177 559 3229 in
566 3172 688 3245 justitio,
703 3182 729 3230 et
743 3176 943 3249 apprehendam
958 3195 1069 3233 monum
1084 3185 1169 3244 ιιιοοι,
1181 3184 1207 3232 et
1218 3194 1310 3232 corro-

214 3255 315 3312 borabo
329 3264 364 3320 te,
379 3264 405 3312 et
420 3253 480 3310 dedi
494 3256 562 3309 trin
578 3262 763 3310 testamcutum
777 3258 890 3328 ρετιετῖι.
907 3260 934 3312 tn
954 3258 1042 3312 turnen
1054 3259 1186 3330 gentium,
1201 3264 1232 3311 ut
1245 3265 1310 3329 dpe-

214 3339 282 3393 rires
306 3339 396 3392 ocutos
420 3352 560 3397 coecorum,
582 3343 609 3390 et
630 3335 754 3391 educeres
777 3354 810 3390 ec
831 3337 946 3392 οῖιιειιὶίε
970 3337 1097 3410 illigatos,
1120 3344 1147 3391 et
1170 3337 1204 3390 de
1231 3337 1311 3392 domo

213 3420 331 3473 carceris
350 3415 468 3471 sedentes
488 3415 516 3468 ι’νι
539 3416 672 3472 anubis:
694 3423 779 3488 utque
799 3415 884 3488 hujus
905 3413 959 3471 loci
982 3414 1155 3490 evangelista
1169 3414 1308 3480 meminit,

214 3515 270 3570 quo
282 3506 411 3570 tempore
423 3495 552 3570 pburieaes'
562 3495 701 3551 consitium
715 3501 848 3570 οαρετιιιιι
862 3504 962 3550 contro
977 3493 1153 3551 salvatorem
1169 3503 1308 3559 nostrum,
1377 3509 1384 3522 ·

213 3585 244 3632 ut
267 3595 328 3632 ειιπι
353 3577 542 3650 interficerent,
566 3584 716 3649 propterea
739 3574 815 3648 quod
843 3574 966 3630 sabbatis
989 3583 1162 3649 egrotantes
1186 3583 1308 3639 cunnet,

214 3665 282 3712 tunc
296 3657 382 3724 enim,
397 3655 497 3730 inquit.
509 3655 593 3711 Jesus
607 3654 749 3712 intellectu
763 3654 912 3711 adversum
926 3673 957 3711 se
970 3654 1188 3728 conspiratione,
1202 3657 1309 3710 recessit

214 3739 286 3800 inde,
300 3745 327 3792 et
340 3746 437 3794 recutoe
450 3742 512 3792 sunt
525 3753 585 3790 eum
600 3735 685 3792 turbe
698 3737 790 3791 multe
803 3743 830 3790 et
843 3739 948 3792 curauit
961 3754 1005 3792 eos
1026 3753 1122 3800 οικιιεε,
1137 3743 1163 3791 et
1180 3735 1311 3808 pracepit

214 3820 251 3873 eis
270 3835 304 3874 ne
324 3817 498 3894 manifestum
520 3818 608 3888 iprum
620 3815 758 3889 facerent.
773 3815 875 3890 quibus
890 3816 952 3872 haec
966 3815 1096 3890 adjungit
1110 3814 1253 3888 deinceps,
1268 3814 1311 3873 ln

216 3897 383 3960 decennio,
398 3897 495 3970 inquit,
510 3893 593 3968 fucta
613 3902 696 3952 sunt:
718 3895 773 3951 hoc
794 3903 846 3960 est,
862 3896 936 3970 quod
958 3897 1114 3959 secesserit,
1130 3895 1206 3970 quod
1223 3894 1308 3951 decli·

215 3980 324 4034 neverit
351 3977 539 4038 insidiatores.
563 3975 638 4050 qnod
662 3975 750 4032 lutere
774 3977 914 4033 studuerit
943 3976 1009 4033 dum
1042 3976 1176 4032 miraculo
1202 3975 1308 4041 ederet,

216 4059 345 4131 quodque
359 4056 400 4111 eis
414 4074 485 4131 qnos
499 4065 625 4112 curasset
641 4056 806 4130 preceperit
822 4075 858 4111 ne
872 4055 1051 4113 menifestum
1067 4056 1159 4132 ipsum
1174 4054 1309 4120 fecerent,

215 4144 244 4192 nt
270 4135 425 4208 impleretur
448 4139 521 4210 qnod
545 4137 645 4192 dictum
669 4143 710 4191 est
731 4148 781 4208 per
803 4134 964 4209 prophetam
988 4135 1128 4200 dicentem,
1150 4135 1224 4191 Ecce
1241 4153 1312 4207 puer

216 4233 298 4278 meus,
307 4217 335 4270 in
349 4232 402 4288 ηιιο
416 4217 588 4290 conpluunt:
605 4215 717 4272 dilectus
729 4233 812 4279 meur,
824 4233 900 4288 quem
915 4217 996 4288 elegit
1010 4218 1101 4272 anino
1114 4233 1184 4272 meu.
1208 4213 1312 4269 Ροιιαοι

216 4297 339 4367 spiritum
354 4313 439 4352 meum
452 4313 532 4370 cuper
545 4315 614 4362 eum,
629 4304 657 4351 et
664 4293 800 4366 judicium
813 4295 934 4370 gentibue
947 4295 1095 4360 nuntiabit,
1108 4313 1160 4352 non
1174 4293 1312 4350 contendet
