3144 4720
284 221 348 287 rvc
729 223 916 289 nvsnnn
1360 224 1503 307 ppr-

282 388 491 490 κυριώτερον
518 390 540 468 ὁ
563 390 722 474 Ἀκύλας
751 391 871 496 φάναι,
893 393 948 471 τοῦ
976 391 1114 472 τελέσαι
1145 389 1381 496 ὅραματιτμὶν
1547 403 1548 446 4

243 522 343 593 ccxci
366 517 561 672 πριφητηι.
593 511 649 594 0
668 549 727 595 και
713 515 957 622 συνᾴδει
906 550 970 622 τῳ,
988 521 1046 597 circ
1064 511 1157 608 ηλθιι
1177 517 1416 599 coroticum
1547 525 1548 568 λ

279 675 330 718 τιν
355 642 446 744 νίμιν
468 637 486 733 ἢ
512 676 586 725 τους
608 643 796 798 προφήτας,
816 639 920 722 ἄλλο
944 640 1136 749 πληρὸτιιι,
1155 676 1246 744 προς
1269 643 1379 720 αὑτοῦ
1547 645 1548 722 i

277 761 342 842 τοῦ
370 769 590 867 Σωτήρος’
562 767 743 923 ειρημένῳ.
801 764 906 854 Τέλος
929 765 999 873 γῖιρ
1026 765 1121 871 νίμιυ
1147 765 1299 871 Χριστος,
1319 770 1417 854 καὶΡ-
1424 757 1548 853 387

277 890 397 968 πῖισαί
414 923 457 992 γε
473 896 511 970 αἱ
527 894 608 994 περὶ
627 893 735 970 circu
718 897 965 997 προφητεῖαι
984 890 1269 994 ἀπλήρωτοικώ
1292 893 1372 970 ἀτε-

279 1020 355 1098 λεῖς
386 1013 519 1112 έμενον,
550 1021 598 1099 είς
630 1015 680 1095 ὅτ’
705 1015 812 1100 αὐτὸς
844 1015 993 1100 ἐπιστὰς
1025 1017 1231 1096 ἐπιτέθεικεν
1263 1012 1377 1096 ἅπασι
1547 997 1548 1082 i

240 1136 384 1224 ιιτέλος
404 1147 478 1224 τοῖς
501 1143 583 1243 περὶ
607 1141 715 1220 αὐτοῦ
742 1140 1158 1245 προανοπεφονημένοις.
1217 1141 1400 1220 Δύναταιε

279 1262 317 1342 δέ
341 1263 399 1343 καὶ
420 1262 511 1343 κατὰ
532 1262 599 1364 τὴν
619 1271 693 1343 τῶν
709 1263 982 1364 Ἐβδομήκοντα
1009 1266 1195 1367 ἑρμηνείαν
1212 1264 1378 1366 τοιαύτην

1547 1303 1548 1340 i

278 1389 371 1493 ἐχειν
398 1387 554 1468 διάνοιαν
584 1387 637 1485 τὸ,
662 1391 717 1468 τοῦ
744 1392 942 1495 σφραγίσαι
971 1391 1080 1496 'iperet
1109 1397 1169 1470 aci
1198 1391 1375 1497 προφήτην·
1547 1399 1548 1472 i

277 1517 352 1594 ἐπεὶ
370 1515 390 1593 ὁ
409 1511 515 1612 νόμος
534 1518 592 1594 καὶ
610 1520 643 1592 οἱ
660 1518 844 1620 προφῆται
860 1514 1162 1619 μέχριςἸωιίννον
1177 1512 1376 1616 διήρκεσαν,

278 1639 322 1744 ἐξ
336 1640 467 1719 ἐκείνου
483 1672 523 1718 τε
542 1640 814 1719 διαλελοίπασιν
833 1643 865 1718 oi
883 1639 999 1720 πύλαι
1015 1637 1117 1743 παρὰ
1133 1645 1185 1745 τῷ
1197 1639 1378 1718 Ἰουδαῖον

277 1765 368 1842 ἔθνει
385 1765 780 1869 πνευματοφορούμενοι
805 1767 863 1844 καὶ
885 1763 950 1848 τὰς
967 1771 1048 1866 περὶ
1072 1769 1237 1865 Χριστοῦ
1260 1797 1373 1865 προρ-
1388 1799 1422 1834 ιο

276 1891 399 1990 ρήσεις
422 1889 731 1990 ἀνοκηρύττοντες,
749 1892 807 1968 καὶ
825 1895 878 1968 οοῖ
901 1886 966 1973 τὰς
984 1893 1022 1968 ἐν
1039 1895 1112 1971 τοῖς
1131 1891 1234 1989 ἱεροῖς
1253 1885 1409 1988 λύγοιςο

277 2009 420 2114 ὁράσεις
439 2013 547 2114 ύγιῶς
564 2012 825 2110 ἐποπτεύοντες,
844 2013 877 2092 οἳ
902 2017 960 2092 καὶ
986 2011 1049 2092 ἅτε
1074 2014 1378 2112 ἀποκλεισθείσης

277 2138 385 2236 αὐτῆς
403 2141 467 2236 τῆς
484 2139 579 2221 θείας
602 2135 747 2240 χάριτος
768 2141 826 2217 καὶ
851 2143 1057 2242 σφραγῖσιν
1080 2136 1206 2238 ὥσπερ
1231 2141 1378 2216 καταδε-

276 2263 399 2361 θείσης
424 2261 601 2367 ἐξέλιπον·
633 2261 688 2340 διὸ
711 2263 902 2360 συμβαίνει
924 2262 968 2367 ἐξ
986 2263 1116 2342 ἐκείνου
1141 2261 1265 2360 μηκέτι
1287 2294 1378 2363 προ-

276 2385 395 2492 φήτην
413 2389 566 2488 ἐνεργεῖν
582 2385 633 2485 μή
652 2386 689 2465 δέ
708 2389 847 2487 ὁρῶντο
865 2385 1091 2490 χρηματίζειν
1105 2386 1144 2463 ἐν
1162 2387 1289 2480 αὐτοῖς,
1303 2381 1402 2471 cirris

276 2517 350 2590 τῶν
372 2509 600 2609 δηλουμένων
618 2509 758 2615 χρόνων
780 2517 839 2590 καὶ
864 2517 912 2594 είς
936 2511 1028 2609 ἡμᾶς
1048 2507 1185 2588 τούτων
1207 2508 1377 2588 ἁπάντων
1547 2553 1548 2632 η

239 2633 589 2716 ιςᾱδιαλελοιπύτων.
625 2634 775 2718 Τούτοις
793 2634 960 2741 ἐπιφέρει,
973 2637 1033 2713 καὶ
1049 2637 1123 2712 ’τοῦ
1140 2637 1259 2740 χρῖσαι
1278 2632 1377 2734 ῖίγιον

409 2833 461 2886 vot
474 2831 536 2884 add.
553 2831 584 2884 P.
667 2823 682 2869 ¹¹
696 2829 914 2882 tentatationes
929 2827 958 2882 S.
1042 2835 1056 2868 4
1069 2829 1116 2881 τοῦ
1129 2827 1192 2882 add.
1208 2825 1238 2881 P.

278 2981 391 3055 proprie
404 2980 515 3037 videtur
535 2977 642 3054 Aquila
660 2977 771 3042 dixisse,
788 2978 826 3034 cd
847 2979 1082 3034 consummandum
1102 2979 1214 3034 cirionis
1233 2995 1330 3035 munuc
1349 2987 1378 3034 et

114 3059 152 3148 ξ·
138 3058 192 3099 44444·
203 3064 222 3108 4
276 3059 446 3132 prophetam,
461 3059 537 3132 quod
557 3077 625 3115 sane
643 3077 707 3115 curn
721 3057 769 3114 iilo
784 3056 947 3121 concordat,
961 3057 1025 3113 Noa
1038 3074 1099 3113 nem
1093 3058 1214 3113 'coluere
1228 3059 1314 3149 ῖεηεηι
1327 3064 1378 3114 out

139 3134 145 3146 '
275 3137 434 3232 propbetac,
449 3140 495 3194 red
509 3140 649 3212 complere,
664 3137 771 3212 quoda
785 3145 884 3193 nostro
904 3133 1051 3192 Salvatore
1064 3135 1172 3192 dictum
1186 3137 1376 3211 agnoscimus.

113 3211 206 3254 3444444
184 3223 237 3262 44»·4
279 3216 352 3272 Fortia
371 3219 440 3274 enim
464 3217 530 3292 lepis
549 3219 679 3284 Christus,
698 3227 728 3273 et
749 3234 848 3272 omnes
865 3215 901 3272 ds
921 3215 970 3272 illo
994 3215 1182 3290 prophetiae
1173 3234 1273 3272 rnanes
1293 3223 1377 3290 atque

277 3295 449 3370 imperfectas
470 3304 643 3361 manserunt,
666 3295 756 3354 donec
777 3295 823 3352 ille
845 3295 968 3369 seipsum
990 3295 1142 3352 osteudens
1163 3295 1294 3352 omnibns
1314 3314 1378 3369 quoe

278 3377 335 3433 de'
327 3394 388 3451 ipso
402 3395 419 3432 a
432 3376 577 3450 prophetis
598 3375 732 3450 praedicta
751 3376 864 3432 fuerant
882 3375 967 3430 tinem
988 3373 1132 3449 imposuit.
1176 3373 1278 3432 Potest
1291 3374 1378 3431 etiam
1483 3393 1488 3404 ·

277 3475 311 3514 ex
338 3456 570 3530 interpretatione
598 3453 787 3529 Septuaginta
813 3454 898 3511 talem
926 3453 1032 3510 babere
1059 3472 1174 3510 sensum
1201 3453 1271 3510 illud
1298 3454 1377 3528 quod

278 3536 384 3592 dictum
399 3547 452 3600 est,
470 3535 507 3592 Ut
521 3536 597 3608 ηνοςί
610 3537 689 3608 siquo
702 3537 830 3606 impresso
844 3534 989 3590 claudatur
1002 3535 1068 3589 cisio
1082 3540 1109 3589 et
1121 3531 1276 3608 propbeta:
1290 3552 1377 3607 quum

277 3614 324 3671 lex
346 3623 375 3672 et
396 3615 543 3707 prophetoe
564 3631 653 3688 usque
674 3613 711 3669 ad
729 3611 872 3669 Jocnnem
892 3612 1108 3686 permanserint,
1123 3621 1152 3668 et
1170 3630 1206 3668 ex
1227 3612 1277 3669 illo
1299 3612 1375 3669 defe-

277 3693 376 3758 cerint,
402 3694 450 3768 qui
472 3695 550 3768 prius
574 3692 674 3767 spiritu
698 3693 794 3750 divino
816 3693 903 3749 afflati
931 3691 1105 3756 divinabant,
1128 3699 1158 3748 et
1181 3692 1314 3749 vaticinia
1340 3691 1377 3748 de

277 3773 393 3831 Christo
408 3773 539 3831 omnibus
553 3772 646 3847 palam
659 3771 826 3846 prodebant,
836 3772 938 3847 quique
952 3772 982 3828 in
996 3771 1083 3828 sacris
1097 3772 1240 3845 responsis
1253 3771 1377 3828 visiones

277 3871 363 3926 puras
383 3862 413 3911 et
427 3853 551 3910 sincerae
565 3850 840 3926 contemplabantur,
855 3859 989 3924 tanquam
1010 3850 1035 3906 si
1051 3850 1119 3925 ipsis
1134 3851 1230 3906 divina
1241 3851 1334 3926 gratia
1346 3859 1378 3907 et

278 3932 373 3988 clause
392 3940 422 3989 et
439 3933 519 4007 quasi
540 3931 629 4007 signis
649 3929 794 4008 impressis
815 3931 949 4005 colligata
968 3938 1053 3994 esset,
1068 3930 1171 3986 merito
1186 3931 1281 3987 evenit
1295 3938 1327 3987 ut
1340 3929 1378 3988 ab

278 4008 335 4074 ilio,
350 4010 385 4066 de
399 4030 455 4085 quo
469 4012 576 4069 dictum
590 4017 642 4075 ast,
657 4018 794 4084 tempore,
809 4028 867 4066 non
888 4009 1008 4084 amplius
1027 4010 1104 4087 apud
1117 4009 1180 4066 iilos
1194 4027 1310 4066 munere
1324 4027 1378 4066 suo

278 4088 445 4161 fungeretur
471 4092 618 4164 propheta,
643 4107 735 4164 neque
758 4089 805 4164 qui
833 4090 869 4146 ab
893 4089 948 4146 illis
969 4089 1070 4146 videns
1095 4088 1303 4152 nominabatur,
1325 4089 1378 4145 sed

278 4167 374 4221 omnia
386 4167 448 4222 baec
461 4187 549 4240 usque
563 4169 600 4225 ad
614 4177 740 4224 nostram
760 4176 872 4225 {etatem
895 4168 1006 4226 sublata
1018 4169 1193 4226 evanuerint.
1234 4167 1377 4241 Deinceps

279 4243 413 4314 sequitur,
429 4250 458 4298 et
472 4253 591 4317 οιιηιιιιιτ
603 4253 711 4301 sanctur
730 4254 897 4312 sanctorum,
913 4248 968 4303 hoc
984 4249 1053 4304 item
1071 4247 1154 4304 nobis
1171 4247 1271 4305 eodem
1289 4264 1375 4321 argn-
