3142 4720
55 267 186 352 -2s7.
444 268 1017 338 nnuousr.nvnuo.v1.1r.
1235 271 1300 336 577

199 439 237 516 ἐν
264 445 338 521 τοῖς
368 437 434 537 τὴν
452 437 692 540 Ἰερουσαλὴμ
718 436 1030 539 πολιορκήσουσις
1064 441 1187 534 Δηλοῖ
1212 433 1249 514 δέ
1280 437 1299 512 ὁ

199 561 310 664 λόγος
327 563 435 644 αὐτὸν
449 564 513 644 τὸν
530 563 664 667 Κύριον
678 562 931 667 συμμαχήσειν
944 571 1017 647 τοῖς
1030 570 1298 663 πολιορκοῦσιν,

198 691 237 769 ἐν
261 691 381 775 αὐτοῖς
405 688 491 769 ὄντα
517 693 575 769 καὶ
600 688 670 768 σῦν
695 690 813 772 αὐτοῖς
831 685 1154 790 παραταττόμενον,
1173 685 1298 789 ῶσπερ

198 814 279 897 τινὰ
297 815 506 918 στρατηγὸν
531 817 590 894 καὶ
616 815 821 918 ῦπέρμαχον
838 815 955 894 αὐτῶν
972 813 1064 893 κατὰ
1081 817 1145 912 τῆς
1162 815 1295 916 Ἱεροιι-
1310 855 1339 890 ιο

159 942 330 1041 Ιτσαλὴμ
354 940 669 1044 11στρατευόμενον.
729 943 787 1020 Ori
814 939 885 1042 γάρ
912 949 1028 1046 φησιν
1055 941 1075 1018 ὁ
1100 937 1211 1041 λόγος
1235 937 1299 1019 τὸν

202 1069 337 1173 Κύριον
354 1066 446 1148 κατὰ
463 1075 536 1148 τῶν
553 1070 664 1146 ἐθνῶν
681 1065 983 1173 ἰπαρατάξεσθαι.
1042 1066 1152 1145 Τίσιν
1177 1064 1215 1144 δέ
1239 1069 1324 1151 καὶα

200 1195 293 1276 κατὰ
310 1197 417 1276 τίνων
432 1227 442 1291 ;
477 1192 583 1273 Κατὰ
600 1198 663 1291 τῆς
675 1191 924 1295 Ἰερουσαλὴμ,
938 1198 996 1272 καὶ
1013 1200 1086 1273 τῶν
1096 1178 1297 1294 ὀἰκητόρων

199 1324 316 1421 αὐτῆς,
335 1324 416 1422 περὶ
443 1317 494 1399 ῶν
521 1317 565 1418 ἦν
593 1320 613 1397 ὁ
641 1318 761 1420 λόγος.
822 1316 878 1398 Τὸ
902 1317 950 1415 δὲ,
971 1328 1039 1398 Καὶ
1066 1322 1240 1428 στήσονται
1271 1331 1296 1398 oi

199 1445 298 1534 πίθος
322 1450 421 1528 αὑτοῦ
449 1449 478 1527 ἒν
500 1457 537 1560 τῇ
561 1445 663 1556 ἡμέρα
689 1447 788 1556 εἰιείνρ
807 1448 863 1525 ἐπὶ
882 1447 917 1525 τό
943 1447 1008 1553 ipre
1027 1443 1087 1523 τῶν
1109 1445 1240 1535 ἐλαιῶν,
1260 1446 1319 1534 ris

200 1573 371 1656 noreiam
389 1575 619 1683 Ἰερουσαλὴμ,
649 1575 684 1680 ἐξ
712 1570 894 1660 ιἰνατιλῶν,
923 1571 961 1650 τί
985 1571 1103 1672 ἕτερον
1132 1575 1246 1668 δηλοῖ,
1274 1567 1296 1668 ἢ

200 1701 335 1803 Κυρίου
362 1710 426 1781 τοῦ
455 1707 561 1800 Θεοῦ,
586 1703 695 1780 αὑτοῦ
723 1700 766 1799 δὴ
794 1710 859 1780 τοῦ
878 1706 975 1780 Θεοῦ
994 1697 1127 1800 Λόγον,
1147 1698 1213 1796 τὴν
1239 1700 1297 1777 ἐπὶ

197 1832 260 1924 τῆς
277 1827 471 1926 ἐκκλησίας
490 1829 598 1906 αὐτοῦ
623 1824 758 1905 στάσιν
777 1859 815 1904 τε
838 1829 896 1905 καὶ
917 1827 1126 1920 βεβαίωσιν,
1145 1822 1190 1922 ἣν
1213 1822 1294 1926 ὅρος

195 1955 325 2032 ἐλαιῶν
341 1954 399 2032 ἐπὶ
418 1962 481 2032 τοῦ
503 1953 680 2055 παρόντος
699 1951 790 2030 κατὰ
810 1948 945 2054 τρόπον
969 1952 1190 2052 ἀλληγορίας
1208 1951 1288 2028 ὀνο·
1306 2003 1336 2036 10

158 2075 323 2178 ιομόζει;
354 2079 421 2162 Ὠς
439 2077 509 2180 γὰρ
528 2075 695 2183 αἰμπελῶν
720 2075 844 2178 ἐγενήθη
869 2085 917 2185 τῷ
934 2076 1153 2183 ιἰγαπημείῳ,
1175 2079 1233 2154 καὶ
1250 2073 1296 2174 ἦν

195 2203 364 2307 ἀμπελῶν
403 2207 516 2309 Κυρίου
557 2202 711 2295 Σαβαῶθ
754 2206 1005 2304 ἁλληγορικῶς
1048 2205 1068 2280 ὁ
1113 2200 1200 2287 οἶκος
1241 2205 1297 2280 τοῦ

196 2330 344 2436 Ἰσραῖιλ,
370 2339 429 2409 καὶ
455 2333 616 2434 ἄμπελος
646 2331 701 2408 τοῦ
727 2324 836 2409 'lorido
866 2327 1037 2434 Ιςνεόφυτον
1068 2327 1292 2432 ἦγαπημῦιν·

195 2458 288 2536 οὕτω
314 2454 358 2556 δὴ
384 2455 477 2535 κατὰ
499 2454 566 2555 τὴν
593 2455 704 2553 αι’πὴν
730 2455 879 2555 θεωρίαν
903 2453 1012 2536 ε’ίποις
1031 2453 1075 2533 ἂν
1101 2453 1154 2533 ότι
1174 2452 1217 2554 δὴ
1237 2457 1295 2533 καὶ

195 2583 326 2664 ἐλαιῶν
344 2585 492 2682 ἐγενήθη
505 2589 557 2690 τῷ
575 2580 734 2687 δεσπότῃ
752 2583 774 2681 ἡ
794 2583 837 2687 ἐξ
852 2583 964 2661 ἐθνῶν
981 2583 1157 2680 ἐκκλησία
1175 2582 1324 2679 atrato

195 2709 241 2810 ἣν
264 2708 380 2790 πάλαι
405 2708 608 2812 ἀγριέλαιον
635 2711 749 2788 οὖσαν
772 2707 1044 2812 κατεφότενσεν,
1063 2707 1295 2809 ἐγκεντρίσας

235 2877 251 2922 ¹¹
266 2879 489 2953 στρατευομένων]
507 2883 711 2952 στρατευόμενον
722 2881 753 2934 Ρ,
817 2873 824 2918 i
838 2879 1035 2951 παρατάξασθαι
1048 2877 1075 2932 S.
1138 2871 1153 2916 ί(
1169 2878 1295 2946 νεόφυτος

196 2959 354 3116 mim]
373 2963 505 3114 ζώφυτον
518 2958 681 3032 ἠγαπημένον
695 2961 725 3015 P.
767 2959 837 3016 Mox
863 2978 912 3031 pro
934 2960 1049 3030 ἄμπελος
1069 2976 1137 3012 corr·
1159 2957 1294 3029 ἅνθρωπος

197 3172 350 3237 oraculum,
365 3172 603 3247 quemadmodum
624 3172 684 3246 ipse
698 3171 838 3229 Dominus
852 3171 986 3228 auxilium
1000 3169 1072 3227 feret
1087 3167 1293 3234 obsidentibus,

197 3254 302 3327 eritque
323 3253 437 3310 interim
457 3252 487 3309 in
508 3252 570 3317 illis,
584 3260 613 3309 et
627 3271 690 3308 cum
706 3252 761 3308 illis
775 3253 812 3309 ad
833 3252 960 3327 pralium
979 3249 1198 3325 comparabitur,
1213 3247 1293 3323 quasi

197 3334 309 3408 quidam
329 3334 483 3408 imperator
503 3341 754 3408 propugnatorque
775 3332 886 3390 illorum
908 3340 937 3388 et
957 3333 1092 3388 adversus
1115 3329 1292 3386 Hierusalem

197 3413 336 3471 militabit.
379 3415 448 3470 Nou
469 3413 544 3470 anim
566 3413 634 3470 dicit
647 3414 748 3479 oratio,
767 3413 921 3470 Dominum
943 3420 1042 3468 contra
1060 3418 1161 3484 gentes
1182 3409 1291 3482 praelia·
1382 3477 1384 3480 Ι

196 3501 298 3552 turum.
341 3494 452 3563 Quibus
466 3502 579 3568 ergoet
593 3502 693 3550 contra
707 3493 799 3567 quos?
820 3493 934 3565 Nempe
948 3498 1048 3546 contra
1063 3489 1252 3551 Hierusalem,
1263 3497 1292 3542 et

196 3583 294 3631 uonna
306 3575 369 3648 ejus
382 3573 565 3636 habitatores.
580 3574 616 3630 de
630 3574 731 3648 quibus
745 3591 839 3631 sermo
853 3580 924 3629 erat.
967 3569 1041 3626 illud
1055 3576 1158 3636 autem,
1177 3569 1214 3623 Et
1233 3575 1290 3622 sto-

195 3655 260 3712 ίιιιιιί
273 3657 356 3730 pedes
373 3653 431 3727 q'us
451 3658 478 3711 ia
494 3655 537 3712 die
552 3655 602 3711 itta
614 3673 694 3729 super
707 3661 796 3711 monte
809 3653 951 3716 olivarum,
967 3652 1066 3724 quiesi
1081 3657 1178 3704 eontra
1194 3648 1292 3703 Hiem-

193 3737 275 3792 καίτοι
289 3736 327 3792 od
339 3739 479 3800 orientem,
494 3735 628 3810 quidnam
642 3735 717 3792 aliud
732 3734 882 3808 significet,
898 3750 981 3807 quam
996 3729 1111 3787 Domini
1120 3729 1183 3795 Dei,
1192 3727 1290 3802 ipsius,

194 3814 316 3889 inquam,
342 3814 398 3872 Dei
420 3816 519 3882 Verbi,
541 3816 570 3872 in
595 3833 646 3872 sua
668 3814 787 3872 ecelesia
811 3814 961 3870 stationem
984 3821 1014 3869 et
1037 3810 1289 3873 confirmationem,

194 3914 277 3970 quam
294 3896 324 3952 in
345 3896 478 3970 praesenti
497 3908 624 3954 montem
646 3896 783 3952 olivarum
804 3913 855 3969 per
877 3895 1007 3969 figuram,
1032 3911 1094 3966 quae
1118 3891 1290 3966 permutatio

193 3976 304 4040 dieitur,
319 3976 469 4034 nominat?
496 3977 534 4034 Ut
551 3976 626 4033 enim
646 3978 724 4032 vineo
742 3977 833 4032 extitit
854 3975 960 4038 dilecto,
975 3982 1004 4030 et
1018 3971 1071 4029 suit
1084 3975 1160 4030 vinea
1175 3971 1290 4027 Domini
1333 3985 1368 4024 m.
1379 3991 1397 4033 ς.
1410 3995 1426 4024 1.

193 4057 316 4114 Sabaoth
343 4057 464 4131 figurate
492 4057 586 4114 domur
613 4056 708 4120 Israel,
736 4064 763 4112 et
790 4055 853 4111 vitia
876 4053 952 4112 Juria
979 4055 1085 4109 nouella
1113 4053 1221 4115 dilecta,
1250 4050 1290 4107 sic

192 4137 290 4194 eadem
306 4137 415 4194 ratione
429 4137 543 4202 dixeris,
557 4135 732 4210 quodetiam
747 4136 881 4192 olivetum
895 4134 971 4190 facta
984 4133 1021 4190 sit
1031 4132 1155 4190 Domino
1172 4131 1292 4188 collecta

192 4218 227 4274 de
240 4218 375 4293 gentibus
389 4217 507 4275 eeclesia
521 4217 617 4292 ipsius,
632 4235 694 4290 qum
709 4234 777 4272 sane
790 4214 909 4272 ecclesia
922 4232 1008 4289 quum
1027 4223 1111 4270 antea
1129 4219 1203 4269 esset
1217 4211 1292 4267 oliva

192 4299 320 4373 quedam
342 4298 474 4373 agrestia,
488 4297 615 4373 plantata
635 4297 688 4353 fuit
702 4315 719 4352 a
734 4295 868 4360 Domino,
882 4295 930 4369 qui
951 4313 1013 4350 eam
1034 4301 1099 4367 post
1118 4289 1241 4346 insuevit
1262 4289 1290 4343 in

233 4413 300 4452 νοῦ.
314 4413 350 4451 11.
742 4409 753 4448 1
