3130 4722
250 253 315 322 οοι
716 255 901 320 ιουεωυιι
1326 269 1506 340 p·347-

250 410 335 492 είυαι
363 410 405 493 τῦ
433 422 629 515 σκηνῶσαν
656 420 694 496 ἐν
721 418 869 524 αῦτῷ,ἢ
897 419 961 498 τὸν
988 423 1039 525 τῷ
1055 417 1189 512 Ἰακὼβ
1216 420 1253 496 ε’ν
1282 421 1348 496 oiv-

250 538 394 641 θροίπου
412 542 514 622 ”fider
534 547 591 622 καὶ
609 543 771 648 σχήματι
790 547 947 651 ι’νφθέντα
966 543 1071 640 Θεὸν,
1091 547 1133 623 δι’
1150 543 1191 624 ὃν
1210 548 1268 624 καὶ
1285 549 1349 642 τῆς

249 669 306 746 ἐπὶ
334 675 386 772 τῷ
406 667 559 771 Ἰσραὴλ
586 673 840 773 προσωνυμίαν
867 671 1004 778 ἠξιώθη
1031 670 1104 777 ι’ριῖν
1132 675 1225 760 oeli,
1245 679 1350 752 τοῦτο

250 791 321 894 γὰρ
340 795 563 895 ἑρμηνεύεται
582 796 644 875 *τὸ
662 796 785 896 ὄνομα,
804 799 1117 900 προσαγορευθείς·
1150 798 1214 876 οὐκ
1232 797 1350 878 ἄλλον
1361 834 1391 867 ιο

250 922 288 1002 δὲ
306 921 392 1001 ὄντα
409 931 473 1002 τοῦ
491 928 587 1002 Θεοῦ
606 923 729 1025 Λόγου
746 925 811 1004 τὸν
828 931 880 1031 τῷ
893 923 1026 1016 Ἰακὼβ
1045 923 1204 1029 ὀφθέντα
1221 927 1258 1003 ἐν
1276 932 1349 1006 τοῖς

249 1048 403 1150 πρώτοις
437 1053 501 1147 τῆς
530 1049 620 1147 μετὰ
657 1058 775 1154 χεῖρας
813 1051 1016 1133 ὑποθέσεων
1051 1048 1346 1152 παρεστῆσαμεν.

209 1177 415 1281 ιιἘδείχθη
436 1186 625 1279 τοιγαροῦν
643 1186 694 1286 τῷ
713 1181 835 1274 Δαβίδ
856 1178 1037 1284 εὐξαμένῳ
1063 1181 1121 1255 καὶ
1146 1177 1349 1275 ποθησυντι

250 1313 313 1383 τοῦ
340 1307 474 1407 Κυρίου
502 1309 560 1385 καὶ
587 1312 682 1386 Θεοῦ
700 1303 833 1400 Ἰακὼβ
858 1303 921 1384 τὸν
946 1301 1058 1384 τόπον
1082 1305 1140 1382 καὶ
1165 1303 1208 1383 τὸ
1232 1303 1344 1403 locri·

250 1465 350 1526 υωμα
384 1433 403 1510 ὁ
441 1433 499 1511 ἐπὶ
536 1436 599 1531 τῆς
629 1430 795 1531 Βηθλεὲμ
826 1431 945 1527 τόπον,
978 1429 1099 1533 διόπερ
1132 1429 1251 1526 εἰπὼν,
1283 1425 1391 1526 ίθιῦρ.
1402 1443 1481 1526 348

249 1554 436 1660 ἠκούσαμεν
456 1554 552 1649 αὐτην
570 1558 599 1636 ἐν
612 1555 781 1662 Ἐφριιθέι,
796 1556 953 1660 ἐπιφέρει
972 1555 1101 1654 λέγων,
1117 1556 1349 1660 Πρισιιυννὶσω-

211 1711 310 1784 38μεν
339 1689 384 1765 είς
410 1682 461 1760 τὶν
486 1685 596 1771 τύπον,
623 1681 656 1762 οῦ
686 1681 828 1776 ἔστησαν
855 1692 882 1762 οἱ
908 1676 1010 1767 πίθος
1026 1683 1154 1764 αὐτοῦ.
1214 1685 1348 1784 Σαφῶς
1375 1703 1378 1709 “

249 1816 439 1908 τοιγαροῦν
467 1811 524 1886 καὶ
553 1811 591 1887 ἐν
618 1807 755 1891 τούτοις
782 1811 821 1887 έν
846 1815 891 1909 τῇ
909 1805 1089 1910 Ἐφραθῦ,
1108 1808 1184 1905 ἥτις
1201 1807 1302 1884 ε’στὶν
1325 1806 1372 1903 ris

250 1931 424 2030 Βηθλεὲμ,
443 1932 586 2016 alric&
612 1933 743 2036 Κύριοι·
764 1937 821 2012 καὶ
841 1931 933 2017 Θεὸν
951 1931 1084 2025 Ἰακὼβ
1101 1933 1214 2011 τύπον
1239 1935 1351 2036 ἑαυτῷ

249 2063 306 2139 καὶ
324 2059 499 2159 σκήνωμα
522 2037 778 2160 συστῆσεσθαι
796 2058 1069 2165 προεφητεύετο,
1089 2057 1284 2163 ὁμοφώνως
1305 2064 1350 2162 τῇ

249 2196 313 2266 τοῦ
333 2189 491 2291 Μιχαίου
509 2187 710 2294 προφητείᾳ
728 2185 896 2291 φησιίσῃ,
918 2196 985 2266 Καὶ
1015 2184 1056 2264 cir
1085 2183 1234 2288 Βηθλεὲμ
1263 2183 1351 2270 οἶκος

250 2317 306 2393 τοῦ
317 2313 484 2421 Ἐφραθῦι,
497 2316 536 2396 εἰι
551 2317 609 2394 σοῦ
623 2351 681 2417 μοι
697 2313 905 2421 ἐξελεύσεται
918 2312 1105 2416 ἡγούμενος,
1124 2317 1183 2392 καὶ
1200 2319 1235 2390 ιιί
1251 2307 1351 2416 diodor

249 2443 350 2519 αὐτοῦ
375 2446 438 2520 ἀπ’
458 2439 565 2545 ιἰρχῆς
594 2441 628 2547 ἐξ
656 2439 774 2546 ἡμεροῦν
804 2438 930 2529 aridior,
955 2435 1047 2540 ἅπερ
1075 2439 1203 2540 ἀρτίως
1231 2438 1394 2543 ἐξετά-ιο

249 2599 378 2649 σαντες
407 2568 602 2665 ἐδείκνυμεν
635 2567 876 2671 ἀναφέρεσθαι
909 2566 980 2644 οὐδ’
1010 2566 1066 2668 ἐφ’
1093 2566 1211 2666 ἕτερον
1238 2563 1262 2664 ἢ
1292 2568 1380 2649 e'rrib

249 2690 360 2790 μόνον
382 2692 445 2771 τὸν
464 2698 617 2796 Σωτῆρα
639 2695 696 2771 καί
724 2693 859 2795 Κύριον
881 2695 982 2790 ἡμῶν
999 2693 1143 2791 Ἰησοῦν
1166 2689 1231 2770 τὸν
1254 2697 1345 2792 Χρι·

270 2839 377 2938 'rs-,7344
392 2840 441 2970 S‚P
519 2841 578 2892 *τὸ
592 2837 672 2904 ὄνομα
686 2840 780 2900 Ἰακὼβ
793 2837 857 2894 ΕΙ).
874 2837 989 2892 PARIS.
1085 2837 1236 2906 ludmila
1249 2838 1345 2910 εὐρεῖ’]

251 2939 335 2988 ευρειν
348 2937 402 2972 om.
445 2959 451 2972 .

251 3037 361 3114 pliciter
374 3038 441 3102 Dei,
453 3038 502 3095 sed
517 3055 582 3094 cum
593 3038 747 3103 additione,
758 3037 811 3096 Dei
821 3038 921 3104 Jocob,
933 3037 1146 3095 tabernaculum
1161 3056 1223 3093 esee
1237 3037 1348 3101 dicitur,

250 3125 400 3192 propterea
414 3119 489 3191 quod
503 3137 560 3174 non
575 3118 651 3174 eliud
665 3119 701 3175 sit
716 3120 866 3194 quidquem
881 3119 958 3194 quod
976 3118 1005 3174 in
1027 3118 1074 3175 illo
1094 3117 1211 3183 habitet,
1227 3137 1310 3192 quam
1324 3119 1348 3173 ie

250 3197 332 3254 Deus
358 3197 404 3272 qui
429 3198 482 3272 ipsi
500 3197 591 3256 Jacob
612 3199 639 3254 in
658 3199 782 3256 hominis
803 3200 896 3274 specie
917 3217 951 3256 ec
966 3199 1058 3273 tigrum
1077 3198 1113 3255 sit
1131 3199 1216 3255 visus.
1260 3199 1348 3271 Cujus

250 3296 318 3334 sene
331 3279 423 3352 gratie
437 3279 485 3335 illo
499 3279 584 3336 etiam
600 3280 769 3354 cognomine
784 3279 872 3337 Israel
893 3281 997 3354 dignus
1015 3289 1059 3336 est
1077 3279 1200 3344 habitus,
1215 3289 1348 3352 tunquam

250 3359 274 3416 ie
289 3359 337 3435 qui
353 3359 446 3416 Deum
461 3360 583 3416 viderit:
606 3379 672 3417 nem
687 3360 716 3417 id
731 3380 835 3417 nomen
850 3361 873 3416 ei
890 3361 1095 3436 interpreteris,
1110 3379 1184 3424 eum,
1200 3361 1245 3434 qui
1260 3360 1348 3416 Deum

249 3441 348 3507 videat,
374 3440 507 3497 habebis:
531 3441 607 3515 quod
625 3460 692 3498 vero
715 3461 772 3498 non
794 3442 865 3498 nlius
890 3440 926 3498 eit
948 3459 1032 3514 quom
1052 3441 1131 3496 Dens
1148 3439 1285 3501 Verbum,
1301 3439 1348 3513 qui

250 3521 304 3595 ipsi
323 3521 413 3578 Jacob
434 3522 510 3578 visus
532 3522 577 3587 sit,
600 3522 629 3578 in
649 3523 767 3598 hujusce
786 3521 878 3596 operis
899 3520 1061 3596 primordiis
1084 3518 1347 3577 demonstravimus.

250 3601 379 3658 Preconti
407 3621 477 3677 ergo
505 3602 597 3658 David
625 3611 654 3659 et
679 3603 775 3659 videre
804 3603 927 3676 cupienti
954 3601 1048 3658 locum
1076 3621 1109 3658 ec
1137 3599 1348 3658 tabernaculum

250 3681 365 3739 Domini
380 3682 487 3756 Deique
501 3683 603 3748 Jacob,
618 3683 678 3758 ipse
692 3683 839 3739 Bethleem
854 3683 933 3739 locus
948 3690 1079 3738 ostensus
1093 3691 1153 3738 est:
1177 3687 1349 3755 quapropter

249 3780 314 3819 cum
326 3763 454 3826 dixisset,
465 3765 540 3819 Ecce
548 3765 703 3820 audivimus
711 3781 769 3819 eam
781 3765 808 3818 in
820 3763 972 3837 Epirotica,
982 3759 1113 3837 adjungit
1123 3761 1227 3825 dicens,
1238 3761 1347 3816 Adoro-

154 3901 158 3908 ,
250 3843 334 3899 bimus
348 3847 376 3900 in
392 3847 450 3900 loco
465 3845 510 3899 ubi
523 3849 655 3900 steterunt
666 3847 747 3917 pedes
762 3841 829 3913 ejus.
855 3843 1020 3899 Plenissime
1034 3842 1121 3917 igitur
1134 3843 1163 3897 in
1178 3841 1223 3897 his
1237 3857 1348 3915 quoque

249 3923 343 3979 verbis
361 3925 391 3978 in
413 3923 569 3998 Bphmtha,
585 3943 646 3998 quae
661 3931 705 3979 est
720 3923 877 3986 Bethleem,
892 3923 952 3998 ipse
966 3923 1105 3979 Dominus
1119 3941 1152 3978 cc
1166 3917 1245 3978 Deus
1258 3920 1348 3978 Jacob

248 4001 343 4058 locum
364 4003 416 4059 sibi
436 4022 469 4060 ac
489 4004 700 4061 tabernaculum
720 4003 924 4060 constituturus
942 4003 1060 4068 canitur,
1076 4002 1152 4077 quod
1170 4002 1262 4076 ipsum
1283 4019 1347 4057 cum

250 4081 380 4139 Michceae
395 4083 544 4156 prophetin
562 4086 716 4141 concordet
732 4085 853 4148 dicente,
870 4085 908 4140 Et
926 4093 957 4140 tu
974 4083 1110 4140 Bethleem
1125 4084 1221 4140 domus
1235 4081 1346 4153 Ephra-

250 4162 307 4224 tlrn,
329 4179 362 4215 esc
383 4170 409 4215 te
428 4163 493 4217 nult
512 4166 663 4235 egredietur
683 4169 759 4221 clun.-
780 4171 807 4220 et
828 4183 949 4240 ιρευονιιε
971 4165 1029 4237 ηὐι
1051 4163 1086 4220 nd
1106 4165 1184 4219 initio
1204 4181 1237 4218 ευ
1257 4161 1348 4218 diebus

249 4239 347 4300 seculi,
364 4257 425 4311 quae
446 4257 509 4295 cum
532 4242 659 4314 proxime
676 4241 874 4308 scrutaremur,
890 4244 1067 4300 ostendimus
1083 4243 1118 4299 cd
1138 4242 1247 4298 nullum
1261 4240 1347 4296 ulium

250 4335 312 4372 esse
334 4317 489 4379 reserenda,
512 4338 594 4390 quam
621 4323 657 4376 od
680 4341 768 4378 unum
790 4323 967 4379 Salvatorem
987 4341 1020 4378 ec
1039 4323 1193 4379 Dominum
1218 4328 1347 4377 nostrum
