3130 4722
259 233 322 303 τοο
703 229 889 295 nusnnu
1334 241 1510 310 p.379-

259 393 370 472 Εἴποι
385 394 414 471 δ’
430 392 475 472 ἄν
488 426 541 475 τις
555 391 715 494 καὶπρὸς
733 391 833 497 λε’ξιν
846 399 959 470 ταῦτα
980 388 1105 474 τέλους
1123 387 1390 493 τετυχηκένααᾱ

258 517 315 598 ὅτε
353 517 444 599 κατὰ
474 517 539 598 τὸν
571 523 761 596 Ματθαῖον
790 513 887 596 εἶπεν
916 517 937 594 ὁ
970 516 1102 618 Κύριος
1130 522 1203 599 τοῖς
1231 516 1358 594 ἑαυτοῦ

256 651 441 744 μαθηταῖς,
471 643 644 750 Πορεύεσθε
672 652 717 728 εὶς
745 641 799 735 τήν
829 641 999 722 κατέναντι
1027 641 1115 744 ύμιῧν
1145 641 1267 746 νούμνν,
1296 652 1357 721 καὶ

258 769 368 856 εύθέαε
396 772 556 878 ἐὑρήσετε
588 771 649 850 ἕνον
676 763 870 872 ’θεθεριύννα
902 776 961 847 καὶ
991 767 1105 848 πῶλον
1137 773 1211 872 μετ’
1238 764 1380 858 aurire

219 929 247 980 ιε
258 893 422 980 λύσαντος
442 892 603 997 αγιίγιτέ
612 931 684 1000 μοι.
746 894 821 972 Καί
839 894 921 972 ἐστι’
940 926 981 992 γε
1010 894 1155 992 ἀληθῶν
1177 898 1229 999 τῷ
1253 891 1356 1000 λόγῳ

256 1019 505 1122 ἐπιστήσαντα
532 1022 788 1120 ἀποθαυμάσαι
812 1020 878 1120 τὴν
895 1029 960 1101 τοῦ
982 1017 1172 1124 προφήτου
1193 1018 1351 1122 πρόρρη-

256 1182 328 1246 σιν,
339 1155 390 1255 τῷ
408 1150 490 1256 θείῳ
502 1147 676 1248 πνεύματι
688 1145 1026 1252 προτεθεωρηκύτος,
1041 1146 1096 1227 ὅτι
1114 1145 1158 1245 δή
1176 1145 1355 1246 μελλήσει

256 1276 275 1353 ὁ
303 1272 611 1380 προφητευύμενος
639 1276 706 1379 οὐχ
734 1273 794 1354 oid
821 1308 874 1358 τις
902 1273 1064 1380 ἐπίδοξος
1090 1275 1127 1353 ἐν
1155 1273 1355 1376 ἀνθρώποις
1365 1307 1397 1342 ¹0

254 1399 429 1494 βασιλεὺς
447 1403 502 1508 ἐφ’
522 1398 691 1502 ἁρμάτων
717 1403 776 1480 καὶ
801 1401 921 1481 ἵππων
945 1398 1158 1504 ὀχήσεσθαι,
1176 1399 1277 1479 ἀλλὰ
1294 1402 1355 1480 ἐπὶ

254 1526 338 1608 ὅνοο
360 1529 418 1606 καὶ
439 1525 576 1622 πώλου,
593 1523 651 1605 οἷά
678 1560 731 1609 τις
758 1531 831 1604 τῶν
859 1531 1012 1606 πολλῶν
1040 1525 1155 1608 κοινὸς
1179 1523 1269 1626 ἀνὴρ
1293 1528 1352 1604 καὶ

216 1651 374 1752 ρεπένης.
433 1656 553 1731 Τοῦτο
583 1649 654 1753 γὰρ
686 1657 745 1760 acal
781 1651 896 1735 ἄλλος
926 1657 1124 1755 προφητῶν
1161 1647 1351 1748 ἐθαύμασε,

253 1777 388 1882 φήσας,
407 1782 508 1884 Χαῖρε
532 1774 674 1884 σφύθρα,
694 1775 834 1883 θύγατερ
856 1775 952 1868 zali,
978 1773 1044 1857 ἰθοῗι
1069 1787 1084 1858 ὁ
1108 1777 1277 1868 βασιλεύς
1294 1780 1476 1867 σονΡ·330

254 1901 387 2007 ἔρχεταί
407 1938 458 1983 σοι
486 1911 607 2012 πρᾷος,
627 1902 845 1999 ἐπιβεβηκὼς
871 1906 926 1984 ἐπὶ
952 1902 1128 2012 ὑποζύγιον
1153 1911 1213 1982 καὶ
1239 1901 1352 1982 πᾶλιν

253 2025 324 2107 νεόν.
381 2025 437 2107 Τὸ
455 2025 503 2125 δὲ,
524 2033 649 2109 Πλονεῖ
670 2031 699 2110 ἑν
725 2032 794 2138 οἴνῳ
811 2027 865 2123 τήν
890 2029 1008 2123 στολήν
1027 2031 1136 2119 αὑτοῦ,
1159 2035 1219 2108 καὶ
1246 2030 1276 2108 ἑν
1295 2027 1352 2108 ai-

253 2187 340 2256 ματι
369 2152 551 2260 σταφυλῆς
578 2151 631 2245 τήν
659 2153 838 2261 περιβολήν
866 2157 977 2244 αὑτοῦ,
996 2153 1133 2260 σκύφοι
1160 2159 1218 2233 καὶ
1245 2152 1375 2240 αύτόςε

252 2275 390 2376 μήποτε
409 2282 457 2361 ὡς
473 2280 512 2357 ἐν
532 2279 747 2383 ἀπορρήτοις
763 2278 806 2359 τὸ
824 2279 1000 2377 μυστικὸν
1017 2282 1220 2360 *αἰνίττεται
1236 2277 1351 2363 πάθος

252 2405 371 2500 αὐτοῦ,
404 2405 442 2483 ἐν
479 2402 592 2511 ᾦτήν
623 2403 764 2504 στολήν
800 2407 908 2484 αὐτοῦ
945 2410 1003 2486 καὶ
1040 2404 1082 2485 τὸ
1118 2405 1351 2508 περιβόλαιον

251 2528 456 2610 ”damnove
480 2536 631 2637 λουτρῷ,
651 2533 693 2608 δι’
714 2529 755 2610 οὗ
773 2536 846 2609 τῶν
863 2535 912 2614 εἷς
930 2528 1038 2610 αὐτὸν
1062 2529 1352 2610 πεπιστευκότων

214 2655 469 2738 ννύποπλύνειν
495 2654 542 2735 τὰ
567 2652 707 2735 παλαιὰ
733 2654 829 2758 iiim
852 2661 1032 2754 δηλοῦται.
1092 2655 1166 2734 Διὰ
1190 2656 1260 2758 γὰρ
1285 2665 1392 2736 τοῦιο

291 2811 452 2884 ἐὑρήσεται
467 2811 496 2866 S.
579 2810 741 2877 ’δεδεμένον
757 2810 785 2863 P.
801 2809 848 2880 qui
862 2826 925 2864 mox
938 2827 991 2863 ona.
1005 2809 1060 2878 μετ’
1074 2810 1161 2878 αὐτῆς.
1243 2808 1348 2864 tutatr-

248 2939 332 3010 τετοι]
347 2901 506 2994 οἷνύπεσθοι
522 2939 548 2992 S.
631 2947 648 2978 ¹¹
662 2938 805 3010 ἆπὲπλννε]
821 2937 972 2994 ἀποπλύνας
987 2940 1016 2993 Ρ.

248 3073 356 3147 prolem
380 3073 589 3148 significaverit.
633 3075 786 3132 Possumus
809 3077 877 3132 item
899 3076 945 3132 vel
969 3076 1144 3134 adverbum
1168 3075 1263 3133 dicere
1286 3075 1348 3133 haee

250 3171 332 3209 suum
356 3153 442 3210 finem
466 3153 629 3229 contigisse,
652 3174 708 3229 quo
732 3163 869 3230 tempore,
890 3164 922 3212 ut
942 3155 1017 3230 apud
1038 3155 1209 3212 Matthaeum
1234 3155 1347 3230 legitur,

86 3244 223 3294 malinam.
251 3232 392 3290 Dominus
406 3233 478 3290 dixit
488 3234 524 3290 ad
539 3253 606 3291 suos
619 3235 780 3309 discipulos,
790 3235 836 3292 Ιιο
849 3238 877 3291 in
891 3237 1028 3293 castellum
1043 3236 1116 3310 quod
1128 3244 1222 3292 watra
1235 3253 1282 3291 οον
1295 3244 1346 3301 esa,

249 3321 275 3368 et
289 3315 381 3370 statim
397 3315 535 3371 inuenietis
548 3318 651 3372 aninam
666 3315 810 3390 nliiyatam
824 3323 851 3371 et
862 3317 971 3389 pullum
984 3333 1044 3372 eum
1058 3333 1099 3380 οο,
1112 3317 1210 3371 solvite
1223 3323 1249 3370 el
1262 3315 1347 3372 adua.

249 3396 301 3450 cite
314 3395 390 3451 οιὶλὶ.
434 3394 472 3450 Et
486 3413 553 3451 sane
568 3394 592 3450 si
606 3395 668 3468 quis
683 3395 769 3452 verba
782 3395 934 3469 diligenter
948 3394 1109 3460 attenderit,
1120 3395 1187 3468 quin
1200 3394 1347 3468 prophetea

248 3474 459 3548 praedictionem
474 3474 628 3531 admiretur
642 3475 734 3531 iacere
748 3493 805 3531 non
821 3475 934 3549 poterit,
946 3475 993 3550 qui
1007 3474 1102 3531 divino
1118 3473 1226 3548 Spin'tu
1237 3473 1347 3530 afflatus

248 3561 330 3611 tanto
345 3563 410 3611 ante
424 3554 600 3628 cognoverit,
610 3573 683 3618 eum,
693 3554 729 3610 de
744 3573 802 3628 quo
814 3555 874 3628 ipse
884 3555 1096 3620 vaticinabatur,
1108 3573 1166 3610 non
1179 3562 1210 3610 ut
1224 3553 1347 3628 aliquem

247 3633 386 3691 illustrem
407 3635 482 3708 apud
503 3634 632 3690 homines
652 3651 751 3708 regem
772 3634 801 3690 in
821 3633 949 3691 curribus
963 3643 992 3691 et
1006 3635 1085 3708 equis
1099 3651 1162 3691 esse
1176 3633 1345 3697 vehendum.

248 3712 298 3769 sed
312 3733 396 3787 super
410 3715 489 3770 asina
503 3721 532 3770 et
546 3713 623 3787 pullo
638 3712 793 3779 sedentem,
806 3714 884 3788 quasi
899 3733 986 3770 unum
1001 3714 1037 3770 de
1052 3714 1148 3770 multis
1162 3721 1191 3770 et
1199 3713 1347 3789 vulgarem

248 3792 388 3865 quendam
401 3793 546 3850 hominem
568 3799 653 3866 atque
666 3793 788 3866 inopem.
831 3792 865 3848 Id
879 3794 971 3868 ipsum
990 3793 1061 3850 alius
1080 3811 1190 3867 quoque
1209 3793 1347 3867 propheta

82 3897 145 3938 zuen.
156 3910 174 3949 ⁹.
184 3910 203 3949 ⁹·
247 3881 291 3928 est
305 3873 469 3938 admiratus,
485 3874 531 3930 ubi
546 3872 594 3936 ait,
608 3871 705 3928 Gnade
718 3873 958 3947 vehementerfilia
974 3873 1050 3937 Sion,
1062 3891 1122 3928 ecee
1135 3891 1184 3929 νοα
1198 3881 1261 3929 tuus
1273 3875 1348 3928 venit

249 3950 299 4006 tila·
312 3959 475 4020 mansuetus,
490 3954 582 4008 sedena
595 3969 676 4026 super
682 3951 808 4023 jumenta
822 3958 848 4008 et
860 3953 938 4024 pullo
952 3955 1129 4008 adolescente.
1152 3951 1227 4008 Illud
1241 3960 1345 4017 autem.

247 4029 365 4085 Lavabit
380 4031 407 4086 ιό
422 4033 484 4086 uino
498 4033 598 4088 stolam
618 4049 706 4099 suam,
721 4039 748 4088 οι
768 4034 796 4087 in
817 4035 950 4103 sunguine
970 4049 1029 4088 αοα
1045 4031 1162 4106 pallium
1180 4049 1267 4095 εννιιι.
1282 4031 1346 4088 vide

246 4125 342 4180 quaeso
356 4116 389 4163 tu
403 4126 514 4182 quoque
527 4129 563 4168 ne
578 4111 700 4184 qnando,
715 4119 747 4168 ut
760 4111 790 4167 in
804 4111 923 4176 areanis,
935 4112 1083 4186 mysticam
1098 4109 1173 4167 illius
1186 4111 1346 4184 passionem

246 4183 448 4316 ννν
463 4189 1002 4340 nmilia-uuna
1015 4191 1295 4326 ννννν

371 4283 376 4314 :
654 4306 663 4332 ‚
793 4286 801 4322 ι
906 4287 921 4324 ο
1003 4287 1134 4334 enn,so
1170 4287 1347 4342 esanquas
