3120 4716
268 231 336 300 890
716 229 901 295 nusunu
1348 241 1515 310 nin—

269 397 335 494 μὲν
355 397 394 476 ἐκ
418 402 608 500 περιτομῆς
630 404 708 505 λαῷ
730 397 795 496 τὴν
819 396 1078 501 προσήκουσαν
1103 402 1175 475 τῶν
1195 401 1243 478 είς
1261 393 1371 474 αὐτόν

269 555 308 602 τε
332 525 390 602 καὶ
414 521 495 606 τοὺς
514 525 623 603 αὐτοῦ
646 523 835 629 προφήτας
853 521 1123 621 τετολμημένων
1147 521 1247 620 δίκην
1272 524 1366 600 ἀπο·

269 648 405 744 δέδωκε,
432 645 568 732 πάντας
596 648 633 728 δὲ
666 649 890 754 ἁπαξαπλῶς
922 647 1130 748 ἀνθρώπους
1157 644 1239 729 τοὺς
1270 647 1391 751 αάτῷς

268 770 484 876 προσιόντας
501 774 543 880 ἐξ
560 773 642 854 ’ίσου
660 773 751 854 κατὰ
773 772 815 854 τὸ
841 775 975 854 δίκαιον
996 771 1221 850 ἀνεσώσατο·
1251 768 1301 849 ὦν
1318 769 1366 848 τὰ

233 895 343 978 noim
370 903 433 997 της
460 901 615 984 διανοίας
643 903 701 979 καὶ
728 898 810 982 τοὺς
835 896 1046 1006 ὀφθαλμοὺς
1073 896 1237 1002 ἀνέῳξεν.
1296 894 1367 974 Διὸ

267 1024 410 1105 καὶτὸν
433 1021 554 1128 καιρὸν
579 1032 642 1125 τῆς
663 1026 863 1129 παρουσίας
889 1026 997 1104 αὑτοῦ
1024 1021 1146 1125 καιρὸν
1171 1020 1369 1100 ἀνταποδό-

266 1184 359 1234 σεως
399 1153 419 1230 ὁ
457 1157 549 1235 θεῖος
584 1155 762 1231 ἀποκαλεῖ
795 1149 914 1252 λόγος,
952 1153 990 1228 ἐν
1031 1148 1160 1250 ἑτέροις
1202 1144 1368 1250 φάσκων,
1379 1185 1412 1220 ιο

267 1273 438 1357 ’καλίσιιι
458 1276 595 1360 ἑνιαυτίν
616 1282 728 1385 Κυρίου
747 1275 871 1368 ἀεκτὶν,
886 1284 945 1356 καὶ
966 1275 1084 1381 ἡμέραν
1102 1267 1399 1356 ἀνταποάίσεαις.ἀ

231 1403 388 1486 ηΟὗτος
416 1403 453 1483 δὲ
482 1403 527 1504 ἦν
554 1405 674 1506 καιρὸς
699 1408 763 1504 τῆς
790 1399 1062 1484 ἀνταποδόσεως
1092 1398 1196 1478 εικαθ’
1225 1396 1267 1477 ὃν
1294 1405 1368 1478 πᾶν

268 1528 356 1626 αἷμα
373 1530 518 1633 ἐκχυθὲν
537 1531 608 1610 ἀπὸ
626 1531 772 1629 αἵματος
786 1529 909 1622 Ἀβελ
926 1528 991 1612 ἕως
1009 1527 1156 1626 αἵματος
1177 1526 1368 1628 Ζαχαρίου,

269 1659 326 1734 καὶ
343 1658 451 1736 αὐτοῦ
470 1692 511 1758 γε
529 1666 593 1737 τοῦ
611 1656 726 1756 τιμίου
745 1657 891 1751 αἵματος
908 1657 1042 1753 Ἰησοῦ,
1060 1651 1275 1750 ἐκδεδίκηται
1294 1648 1389 1734 cirris

267 1786 331 1882 τῆς
364 1789 484 1884 γενεᾶς
520 1789 592 1862 τῶν
629 1789 677 1866 είς
708 1780 816 1861 αι’πὸν
851 1777 1217 1878 πεπλημμεληκότων,
1247 1779 1295 1860 ὡς
1324 1777 1370 1881 ἐξ

268 1909 399 1987 ἐκείνου
420 1907 483 1988 τὸν
508 1907 662 2012 ἔσχατον
684 1905 810 1990 αὐτοὺς
835 1909 1017 2004 ὑπομεῖναι
1044 1903 1193 2006 ὄλεθρον
1217 1907 1276 1982 καὶ
1302 1901 1368 2001 τὴν

232 2030 427 2136 1ιε’σχάτην
454 2035 674 2136 πολιορκίαν.
735 2037 808 2112 Καὶ
836 2033 858 2131 ἡ
885 2031 950 2128 μὲν
977 2031 1052 2109 κατ’
1076 2031 1225 2111 ἐκείνους
1253 2029 1368 2130 κρίσις

269 2155 434 2255 τοιαύτην
458 2158 652 2256 ἐποιήσατο
678 2157 753 2234 κατ’
775 2157 891 2235 αι’πῶν
913 2153 978 2254 τὴν
995 2151 1249 2234 ἀνταπόδοσιν.
1300 2149 1369 2230 Διό

269 2287 384 2387 φησιν
403 2283 424 2378 ἡ
442 2283 651 2386 προφητεία,
665 2276 731 2360 ίάἀυ
750 2290 764 2359 i
785 2283 870 2365 Θελς
885 2280 972 2388 ἡμων
990 2283 1091 2385 κρίσιν
1108 2272 1368 2374 devorabimur,
1379 2318 1412 2354 ιο

270 2415 328 2485 sei
358 2403 599 2486 ἀντιιποάοίσει.
650 2410 700 2486 Ἡ
728 2406 765 2485 δὲ
791 2410 870 2509 περὶ
895 2413 966 2486 τῶν
994 2406 1038 2485 δι’
1057 2407 1166 2484 αὑτοῦ
1193 2408 1364 2502 σωθησο-

268 2530 382 2628 μίνιον
400 2532 482 2638 ἑξῆς
501 2537 672 2631 δηλοῦται
691 2531 748 2611 διά
767 2541 840 2630 τοῦ,
855 2534 954 2617 abrit
968 2533 1045 2637 ἥξει,
1064 2541 1123 2610 aa}
1143 2530 1243 2609 σάσει
1263 2532 1369 2634 ἡμῖὶς

269 2658 342 2736 τίτε
359 2655 603 2754 ἀναχθήσονται
618 2655 790 2764 ὀφθαλμοὶ
809 2656 945 2762 τυφλιῧν
959 2669 1018 2737 καὶ
1038 2652 1109 2736 ciro
1130 2655 1249 2762 κυφιῖν
1267 2656 1370 2734 ἀκοί-

233 2812 396 2872 ιισοιτιιι,
418 2781 540 2862 καὶτὰ
562 2783 655 2890 ἑξῆς.
715 2780 860 2883 Ταύτην
888 2781 926 2862 δὲ
953 2780 1018 2882 τὴν
1045 2783 1223 2882 σωτήριον
1250 2784 1369 2884 κρίσιν
1381 2815 1411 2865 ¹⁵

305 2945 518 2998 ΙιιαλίσαςΕῙ).
537 2944 654 2999 PARIS.
698 2944 742 2998 Sic
758 2943 787 2999 S.
871 2945 940 2999 ιικαὶ
953 2942 1021 3016 καθ]
1038 2944 1079 2999 καὶ
1092 2961 1147 2998 om.
1163 2943 1194 2998 P.
1208 2943 1290 2997 habet
1305 2942 1334 2996 S.

271 3077 461 3135 cuneisionem
476 3080 624 3154 spectanti,
639 3099 692 3154 pro
716 3079 750 3136 iis
771 3098 833 3154 quae
858 3085 887 3137 et
911 3080 939 3136 in
964 3080 1086 3156 seipsum
1111 3089 1140 3136 et
1162 3079 1190 3136 in
1215 3078 1369 3154 prophetas

271 3175 338 3212 suos
357 3157 417 3214 ausi
437 3169 502 3215 sunt
521 3159 653 3217 meritum
670 3159 897 3234 conveniensque
911 3160 1077 3236 supplicium
1090 3159 1254 3236 ussignuvit.
1270 3176 1369 3216 omnes

270 3243 366 3294 autern
381 3238 505 3304 omuino,
517 3239 564 3313 qui
579 3240 614 3296 ud
628 3241 721 3315 ipsum
735 3249 922 3306 accesserunt,
934 3241 1063 3298 homines
1073 3259 1110 3297 ex
1122 3259 1202 3315 aeqno
1216 3248 1248 3297 ut
1259 3241 1370 3315 justum

271 3327 315 3375 est
340 3320 534 3378 conservavit:
557 3339 676 3394 quorum
700 3321 795 3394 utique
816 3329 845 3377 et
861 3339 943 3378 aures
964 3329 993 3377 et
1011 3321 1107 3377 oculos
1128 3322 1232 3377 mentis
1252 3320 1372 3394 operuit.

272 3398 414 3468 Quocirca
423 3407 536 3476 tempus
554 3399 629 3456 illins
648 3401 786 3458 adventus
801 3409 915 3476 tempus
935 3401 1127 3458 retributionis
1145 3400 1272 3457 divinum
1286 3407 1372 3456 νοσοῖ

273 3479 427 3544 oraculum,
442 3480 518 3554 quod
531 3479 559 3536 in
574 3480 635 3537 uliis
649 3481 717 3537 item
732 3480 835 3549 sinuit,
855 3481 957 3538 Vocare
970 3499 1071 3538 anirum
1086 3481 1200 3537 Domini
1220 3487 1371 3553 occeptum,

273 3568 299 3616 et
324 3563 392 3617 diem
415 3560 613 3617 retributionis.
656 3561 744 3618 Porro
765 3561 820 3616 boc
840 3560 894 3617 fuit
912 3561 1105 3618 retributionis
1123 3569 1244 3636 ternpus,
1264 3561 1294 3616 in
1315 3577 1373 3633 quo

273 3640 366 3698 omnis
389 3639 534 3716 sanguinis
555 3640 635 3697 effusi
659 3660 677 3697 u
700 3639 837 3715 sanguine
860 3639 936 3698 Abel
957 3659 1045 3715 usque
1065 3641 1102 3698 ed
1126 3640 1293 3715 sanguinem
1315 3637 1371 3695 Ze-

273 3720 375 3778 ehariae
400 3730 429 3777 et
456 3721 548 3796 ipsum
577 3721 730 3796 pretiosum
755 3720 922 3794 sanguinem
947 3721 1017 3778 Jeuu
1042 3721 1112 3778 ultio
1135 3729 1249 3797 sumptu
1268 3727 1322 3782 est.
1342 3727 1373 3776 et

274 3800 440 3876 supplicium
456 3801 491 3857 de
505 3799 617 3856 illorum
631 3800 746 3857 natione
767 3801 814 3874 qui
834 3800 864 3856 in
884 3801 963 3857 illurn
979 3811 1174 3875 peccaverunt,
1189 3819 1278 3874 usque
1299 3798 1374 3856 adeo

275 3890 306 3938 ut
320 3899 356 3938 ex
370 3880 418 3936 illo
432 3891 591 3938 extremum
605 3881 750 3938 interitum
768 3889 980 3954 extremumque
995 3883 1181 3939 vastationem
1197 3879 1372 3955 pertulerint.

275 3961 314 4017 Et
327 3960 401 4035 quod
417 3961 530 4034 quidern
545 3960 580 4016 nd
593 3961 657 4017 illos
670 3960 792 4036 pertinet
803 3960 940 4033 judicium
960 3962 1047 4017 talem
1061 3971 1160 4018 contre
1172 3960 1236 4016 iilos
1249 3959 1371 4016 retribu-

275 4039 383 4096 tionem
397 4041 526 4097 molitum
541 4048 602 4098 est:
618 4059 654 4098 ex
669 4060 724 4115 quo
738 4040 886 4114 prophetia
900 4040 939 4097 sie
953 4041 1001 4106 ait,
1019 4041 1088 4098 Ecoe
1103 4042 1181 4097 Deus
1194 4047 1285 4097 noster
1291 4038 1371 4110 judi-

277 4121 346 4176 cium
359 4119 449 4175 reddit
462 4129 488 4177 et
503 4121 603 4176 reddet.
645 4121 731 4190 Quod
746 4138 813 4176 vero
832 4120 869 4177 ud
888 4121 950 4176 illos
965 4128 1074 4194 spectet
1088 4121 1136 4195 qui
1150 4120 1281 4177 servandi
1294 4127 1373 4184 sont,

277 4199 306 4252 in
320 4199 502 4268 sequentibus
516 4198 664 4264 indicetur,
679 4199 733 4256 illis
747 4199 850 4264 verbis,
868 4201 930 4276 Ipse
942 4203 1038 4266 reniet,
1054 4209 1081 4256 et
1094 4201 1211 4257 servabit
1225 4217 1293 4257 noe:
1309 4206 1376 4255 tune

278 4280 434 4350 aperientur
458 4277 528 4331 ocuti
557 4295 697 4341 οαοοτυπι,
723 4287 749 4333 et
777 4296 854 4334 aures
878 4281 1019 4334 surdorum
1045 4281 1161 4344 audient,
1188 4288 1218 4336 et
1242 4296 1303 4352 quae
1328 4297 1375 4334 se·
