3130 4722
66 247 198 312 ..349,
448 230 676 296 DEMONST.
701 231 871 297 EVANG.
897 233 1025 301 v11.2.
1247 233 1311 305 697

209 393 397 492 γενόμενος
415 395 488 478 υἱὸς
507 398 628 490 hado
645 393 712 492 τὴν
737 393 891 497 πρόοδον
916 394 960 500 ἐξ
981 396 1089 490 αὐτῆς
1106 395 1342 492 ἐποιήσατο,1ι

209 520 416 604 ἀκολούθως
452 528 529 604 ταῖς
566 526 803 624 προφητικαῖς
834 519 1091 622 προρρήσεσιν,
1121 519 1215 598 ὥστε
1249 522 1312 598 οῦκ

209 646 347 743 ἄδηλον
365 642 452 724 εἶναι
470 649 528 725 καὶ
546 645 612 744 τὴν
630 646 743 724 αἰτίαν
763 644 806 723 δι’
825 643 870 742 ἢν
888 647 1043 747 πατρίδα
1060 643 1126 743 τὴν
1146 642 1312 742 Βηθλεὲμ

166 769 452 874 ιόέπεγρόψατο.
502 769 626 852 Ἀλλδι
645 773 703 848 καὶ
724 772 763 849 ἐν
782 769 960 872 Ναζόροις
979 773 1193 875 ἀνατραφεὶς
1210 768 1334 870 λέγε-5

208 929 279 991 ται,
298 900 355 974 καὶ
384 895 496 976 πόλιν
523 893 751 998 ἀΝαζωραῖος
778 894 1042 995 κληθήσεσθαι.
1089 894 1227 973 Ἰστέον
1249 896 1333 973 οῦνΙ

328 1019 432 1065 &he

210 1021 265 1100 ὅτι
284 1055 341 1100 και
358 1055 401 1100 το
444 1023 602 1130 ναζιραῖοι
621 1019 733 1118 ὄνομα
750 1019 945 1123 Ἑβραϊκδν
963 1020 1130 1124 τυγχάνει
1152 1023 1189 1098 ἐν
1208 1025 1312 1100 Λευι-

210 1153 296 1254 τικῷ
315 1149 371 1227 ε’πὶ
389 1157 453 1227 τοῦ
471 1148 671 1250 χρίσματος
697 1155 760 1226 τοῦ
783 1150 867 1249 παρ’
887 1148 1003 1230 αὐτοῖς
1026 1156 1188 1250 χριστοῦ.
1233 1145 1311 1226 Ἦν

210 1272 250 1352 δὲ
274 1273 376 1356 οὗτος
403 1275 423 1352 ὁ
450 1273 572 1376 ἅρχων
596 1273 671 1351 κατ’
692 1270 809 1351 εἰκόνα
826 1281 890 1352 τοῦ
907 1274 1069 1374 μεγάλου
1088 1280 1145 1352 καὶ
1167 1277 1351 1373 ἀληθῶςιο

209 1397 395 1501 ἀρχιερέως
429 1406 493 1476 τοῦ
525 1404 691 1500 Χριστοῦ
726 1407 791 1477 τοῦ
822 1404 929 1494 Θεοῦ,
961 1397 1099 1495 σκιύδη
1136 1395 1215 1474 τινὰ
1252 1401 1311 1475 καὶ

164 1559 199 1609 ει
210 1522 357 1603 ποτικὸν
384 1522 549 1626 Χριστὸν
576 1521 837 1629 ἐπιφερόμενος.
894 1525 960 1603 Ἐν
985 1523 1038 1607 οἷς
1062 1530 1151 1625 γοῦν
1179 1523 1336 1625 εἵρηταιο

209 1649 302 1728 κατὰ
332 1647 413 1732 τοῦς
440 1649 714 1748 Ἑβδομήκοντα
747 1654 828 1752 περὶ
861 1655 925 1729 τοῦ
955 1649 1152 1754 ἀρχιερέως,
1183 1657 1242 1729 καὶ
1278 1656 1312 1728 οῦ

972 1775 1238 1806 turrae!

209 1777 403 1870 βεβηλύσει
432 1775 482 1856 νῦν
511 1776 710 1881 ἡγιασμένον
740 1780 795 1856 τοῦ
823 1779 908 1856 Θεοῦ
937 1812 1046 1866 durau,
1075 1811 1122 1854 οτι
1148 1813 1184 1856 το
1216 1812 1313 1877 cyrci

210 1901 321 1980 ἔλαιον
350 1900 494 2009 ίχριστῦν
521 1905 577 1981 τοῦ
606 1912 691 1983 Θεοῦ
718 1907 831 1983 αὑτοῦ·
871 1899 913 1980 τῦ
945 1899 1011 1998 μὲν
1038 1899 1233 2003 Ἑβραῖκῦν
1264 1902 1311 1981 ’ότι

211 2027 304 2134 ιιζέρ
342 2025 452 2106 ἔλαιον
488 2028 652 2131 περιέχει·
701 2030 722 2106 ό
761 2025 798 2106 δὲ
830 2024 1000 2122 Ἀκύλας,
1037 2025 1084 2103 ’ότι
1117 2029 1334 2132 ιἰφόρισμα,ε

211 2151 322 2232 ἔλαιον
349 2155 593 2256 8ιἰλείμμοιτος
627 2161 713 2232 Θεοῦ
747 2157 847 2231 αὐτοῦ
874 2153 925 2229 ἐπ’
956 2155 1057 2256 αὐτῷ·
1098 2152 1118 2228 ὁ
1150 2150 1187 2229 δὲ
1216 2151 1312 2249 Σύμ-

209 2310 336 2380 μαχος,
356 2277 403 2357 ’ότι
428 2275 558 2356 θθιιιτον
582 2276 693 2358 ἔλαιον
718 2286 774 2357 τοῦ
799 2279 991 2381 χρίσματος
1018 2285 1073 2354 τοῦ
1098 2285 1184 2356 Θεοῦ
1210 2265 1312 2357 αὐτοῦ

209 2403 263 2482 ἐπ’
285 2406 386 2508 αὐτῷ·
417 2401 499 2480 ῦδέ
528 2403 742 2498 Θεοδοτίων,
770 2401 817 2480 ’ότι
842 2401 877 2480 τῦ
905 2399 996 2507 ναζέρ
1021 2399 1132 2480 ἔλαιον
1148 2400 1208 2481 ιιτῦ
1232 2438 1309 2509 χρι-

168 2525 286 2626 4εστὶν
315 2524 413 2630 παριὶ
441 2535 527 2606 Θεοῦ
553 2532 654 2605 αὑτοῦ
680 2527 735 2606 ἐπ’
751 2531 853 2632 αὐτῷ.
895 2521 1014 2604 Ὥστε
1040 2522 1126 2604 εἶναι
1152 2523 1193 2605 τῦ
1220 2525 1354 2635 ναζέριο

210 2651 302 2730 κατὰ
328 2651 392 2748 μὲν
414 2651 496 2735 τοῦς
512 2651 794 2750 Ἑβδομήκοντα,
814 2649 922 2751 tyron·
955 2649 1044 2728 κατὰ
1063 2651 1100 2728 δὲ
1118 2649 1183 2730 τὸν
1198 2651 1310 2730 Ἀκύ-

209 2787 291 2872 λαν,
316 2778 508 2884 ἀφύμσμα·
539 2775 631 2856 κατὰ
658 2775 696 2855 δὲ
723 2774 787 2854 τὸν
816 2776 1022 2877 Σύμμαχον,
1048 2773 1191 2863 ι’ίθιιιτον,
1218 2771 1314 2854 ὥστε

250 2931 434 3009 θΝαζοραῖος]
450 2937 585 3008 νοζωροῐος
597 2937 628 2990 Ρ.
723 2944 735 2976 ⁸
751 2935 897 3008 νοζαριιῖον]
914 2937 1041 3003 ναζιραῖον
1050 2936 1080 2990 Ρ.
1164 2931 1309 3012 ίχριστοῦ]

208 3019 322 3087 χριστὸν
337 3017 368 3071 P.
451 3016 623 3085 Εᾶλίμματος
638 3017 669 3071 Ρ.
753 3011 828 3070 Ιὶτὸν
844 3017 873 3070 Ρ.
902 3018 932 3069 τὸ
946 3016 980 3087 jd
996 3017 1022 3070 S.

207 3136 354 3210 profectus
368 3143 420 3200 eat,
432 3135 462 3192 iu
476 3154 510 3193 eo
524 3155 593 3193 sune
606 3154 671 3192 cum
686 3135 859 3210 propheticis
873 3137 1049 3193 concordans
1063 3137 1201 3194 oraculis:
1217 3137 1312 3212 itaque

208 3215 330 3272 obscura
353 3233 416 3273 essa
436 3216 557 3292 amplius
578 3233 663 3272 causa
682 3235 741 3272 non
762 3223 866 3290 potest,
882 3235 932 3273 cur
951 3217 1004 3272 sihi
1022 3217 1168 3274 Bethleem
1190 3219 1312 3292 patriam

209 3295 399 3369 adscripserit.
443 3295 586 3352 Caeterum
606 3296 690 3352 etiam
716 3296 745 3352 in
769 3297 888 3352 Nazario
910 3297 1045 3353 educatus
1067 3315 1129 3353 esse
1151 3297 1261 3361 dicitur,
1283 3307 1312 3355 et

209 3375 249 3431 sic
264 3373 422 3431 Nazaraeus
436 3375 591 3432 vocandus.
634 3375 713 3432 Scire
734 3375 823 3452 igitur
844 3385 957 3449 oportet
976 3376 1052 3450 quod
1069 3395 1173 3432 nomen
1192 3385 1235 3432 est
1252 3377 1310 3433 He-

207 3455 335 3512 braicum
361 3456 513 3511 naziraeum
535 3455 564 3510 in
585 3455 722 3519 Levitico,
745 3457 774 3510 in
796 3457 857 3528 ejus
883 3455 981 3511 christi
1003 3454 1136 3510 unctione
1153 3473 1236 3527 quern
1258 3455 1311 3529 ipsi

208 3535 362 3591 habebant.
398 3535 487 3591 Porro
501 3535 548 3592 hic
562 3544 624 3590 erat
638 3535 827 3612 principatum
843 3534 974 3590 obtinens
988 3535 1142 3590 secundum
1158 3534 1312 3606 imaginem

209 3615 307 3690 magni
321 3624 351 3671 et
364 3616 423 3671 veri
444 3615 586 3688 pontificis
608 3615 716 3671 Christi
729 3615 793 3679 Dei,
809 3613 1005 3670 adumbratum
1020 3612 1151 3669 videlicet
1170 3614 1312 3686 quendam

210 3703 238 3751 et
263 3697 417 3768 figuratum
440 3695 586 3752 Christum
612 3705 826 3770 representans.
871 3693 928 3750 Ubi
950 3711 1017 3748 vero
1041 3711 1099 3748 cxx
1122 3693 1157 3748 de
1178 3694 1311 3766 pontifice

209 3775 249 3830 ita
270 3775 447 3849 interpretati
468 3783 544 3839 sunt,
559 3783 586 3831 at
605 3795 658 3832 non
678 3775 785 3849 polluet
806 3775 878 3846 quod
897 3775 1094 3847 sanctificatum
1115 3781 1154 3828 est
1170 3773 1225 3828 Dei
1245 3776 1309 3830 sui.-

211 3857 336 3925 quoniam
350 3863 472 3911 sanctum
488 3857 574 3911 oleum
590 3855 722 3910 unctionis
733 3855 788 3910 Dei
801 3857 852 3918 sui,
865 3854 893 3910 in
908 3853 1048 3910 Hebraico
1062 3853 1175 3926 legitur,
1185 3855 1312 3926 quonium
1380 3875 1386 3890 ·

210 3953 294 3990 ποια
313 3935 421 3991 oleum:
445 3935 547 4009 Aquila
564 3943 657 3990 autem
680 3935 720 3990 sic
739 3935 887 3997 convertit.
903 3935 1029 4007 quonium
1050 3936 1209 4006 segreputio,
1224 3935 1312 3990 oleum

211 4015 345 4070 unctionis
361 4015 417 4068 Dei
430 4017 473 4070 sui
486 4034 568 4088 super
582 4016 688 4090 ipsum.-
719 4013 908 4089 Symmachus
923 4022 1027 4077 autem,
1038 4015 1163 4084 quoniam
1179 4016 1312 4070 intactum

211 4093 300 4149 oleum
328 4097 460 4150 unctionis
483 4095 538 4149 Dei
566 4097 610 4150 sui
638 4113 716 4168 super
745 4097 852 4167 ipsum:
881 4093 1059 4149 Theodotiou
1084 4111 1161 4158 vero,
1188 4097 1312 4166 quonium

211 4191 293 4228 πονοι
319 4175 406 4229 oleum
433 4177 568 4229 unctionis
591 4194 609 4230 ο
628 4174 691 4229 Deo
707 4191 755 4230 auo
777 4191 860 4246 super
881 4176 976 4246 ipsum.
1020 4173 1115 4240 Quare
1134 4191 1216 4229 nazer
1236 4174 1313 4247 ipsos

212 4253 325 4326 quidem
341 4272 400 4310 cxx
414 4253 597 4328 sequentihus
611 4262 736 4309 sunctum
750 4252 815 4318 erit,
830 4252 922 4327 ipsum
939 4271 1005 4309 vero
1013 4253 1155 4327 Aquilam,
1164 4255 1312 4328 separatio,

253 4369 321 4406 vob.
338 4369 372 4408 11.
742 4365 760 4404 Λ
775 4367 792 4404 8
