3120 4716
262 237 327 302 οτι
710 237 896 302 susurru
1341 253 1504 317 nw-

663 417 728 490 ini
755 429 889 492 νιιιιιοῦ
912 417 967 508 fi(-
1374 437 1405 498 P·
1415 433 1480 493 441

200 551 225 625 9
311 540 565 638 Ἐθειυρῆθησαν
595 547 629 613 αἱ
657 545 790 640 πορεῖαί
816 574 886 628 σου,
912 546 930 614 ό
959 541 1053 628 Θεὸς,
1083 544 1118 612 αιι
1145 551 1274 636 ‘caprini
1305 547 1368 610 τοῦ

100 637 225 769 ἓξὲξ*
265 657 350 726 Θεοῦ
374 686 437 738 μου
461 663 523 728 τοῦ
547 659 724 744 βασιλέως,
741 664 803 730 τοῦ
826 661 857 728 ε’ν
874 665 923 748 τῷ
944 657 1039 749 ἁγίῳ·
1067 656 1291 752 προέφθασαν
1307 653 1369 749 ἅρ-

101 797 205 848 στόλωυ
265 802 381 866 χοντες
393 771 542 867 ἐχόμενοι
558 769 776 864 ψαλλόντων,
786 775 818 842 ἐν
830 773 920 862 με’σῳ
934 771 1077 842 νεανίδων
1088 774 1399 866 τυμπανιστριιῦνὼ

101 874 227 943 '‘kim“
263 887 326 956 Ἐν
344 881 525 968 ἐκκλησίαις
541 889 710 979 εὐλογεῖτε
727 885 786 958 τόν
800 885 884 957 Θεὸν
896 887 1019 983 Κύριον
1036 887 1069 954 εἰι
1087 889 1201 976 πηγῶν
1211 883 1367 978 Ἰσραήλ.

262 1001 358 1070 Ἐκεῖ
380 1001 532 1079 Βενιαμίν
552 1002 718 1096 ’νεώτερος
740 1002 772 1068 ἐν
796 998 962 1084 ἐκστάσει,
980 998 1140 1096 ἄρχοντες
1154 997 1273 1080 Ἰοόθα,
1289 1001 1369 1088 ἦγε-

263 1114 356 1196 μόνες
373 1116 485 1198 αῦτῶν,
504 1113 663 1210 ἄρχοντες
680 1114 872 1202 Ζαβουλὼν,
890 1112 1048 1210 ἄρχοντες
1067 1111 1280 1208 Νεφθαλείμ.

242 1273 255 1308 ²
323 1247 516 1324 Κάνταῦθα
551 1243 632 1326 τοῦς
669 1243 905 1342 δηλουμένους
942 1243 1117 1346 ἄρχοντας
1150 1244 1391 1348 Νεφθαλεὶμς

266 1371 329 1449 οῦκ
353 1370 488 1452 ἄλλους
516 1370 670 1469 ἡγοῦμαι
697 1376 768 1448 τῶν
791 1369 1009 1448 ἀποστόλων
1027 1366 1227 1472 τυγχάνειν.
1276 1370 1362 1446 Ἐν-

265 1495 362 1575 θένδε
392 1495 462 1596 γὰρ
492 1494 618 1579 αὐτοὺς
648 1497 667 1572 ὁ
699 1493 838 1596 Σωτὴρ
857 1500 915 1573 καὶ
946 1493 1076 1596 Κῦριος
1103 1496 1203 1592 ἡμῶν
1231 1494 1361 1572 ἁναλέ·

264 1632 387 1699 λεκται
415 1618 506 1699 κατὰ
533 1618 598 1718 τὴν
627 1621 818 1699 Ματθαίου
843 1619 1055 1720 παράθεσιν.
1114 1616 1192 1717 Τὴν
1220 1624 1268 1701 εἷς
1295 1621 1363 1696 ἀν·

264 1744 427 1847 θριόπους
459 1743 497 1824 δὲ
529 1745 674 1846 πορείαν
706 1747 763 1822 καὶ
795 1743 861 1843 τὴν
890 1744 1064 1845 ἕνσαρκον
1090 1745 1276 1841 ἐπιδημίαν
1300 1751 1408 1822 τοῦιο

265 1873 361 1948 Θεοῦ
380 1869 502 1970 Λόγου
520 1867 741 1971 θεσπίζουσα
766 1871 788 1969 ἦ
809 1870 934 1974 γραφή
957 1877 1081 1974 φησιν,
1102 1867 1307 1974 ἐθεαρήθησαν
1328 1879 1393 1948 aio

243 1998 393 2101 ιπιρεῖαί
417 2031 475 2074 rou
500 2006 515 2076 i
541 1997 640 2086 Θελς,
661 1999 718 2075 καὶ
743 1995 789 2074 τὰ
814 1997 906 2102 ἑξῆς.
965 1994 1108 2094 Ταύτην
1135 1994 1173 2073 δὲ
1200 1998 1263 2093 τῆς
1290 1997 1366 2074 ε’πι-

264 2122 410 2226 φανείας
428 2124 558 2200 ὡσανεὶ
575 2119 771 2223 πρόδρομοι
790 2118 1024 2224 γεγονότειοῖ
1049 2119 1164 2200 πάλαι
1185 2126 1365 2222 θεοφιλεῖς

262 2251 445 2350 προφῆται
470 2244 528 2324 διὰ
552 2247 757 2352 ψαλτηρίου
776 2251 833 2326 καὶ
851 2255 969 2351 χορῶν
987 2250 1044 2325 καὶ
1062 2247 1239 2326 παντοίων
1259 2279 1389 2328 nnec-⁵

262 2377 420 2469 ματικῶν
457 2370 619 2473 ὀργάνων
656 2372 885 2472 κηρύττοντεν
917 2376 974 2451 καὶ
1011 2377 1242 2470 ἀνυμνοῦντει
1274 2406 1364 2472 προ-

239 2494 430 2600 ιέφθασαν
455 2497 484 2575 ἐν
508 2491 601 2602 με’σῳ
626 2492 768 2574 νεανίθιυν
786 2495 1062 2600 τυμπανιστριιῦν.
1122 2496 1274 2578 Πάντως
1291 2495 1364 2598 γάρ

262 2655 333 2700 που
351 2627 423 2699 τιῦυ
441 2623 478 2700 ἐκ
496 2624 687 2722 περιτομῆς
715 2628 939 2721 συναγωγῶν
967 2628 1015 2703 sic
1039 2621 1151 2720 μέσον
1178 2620 1364 2722 παριόντες

264 2751 296 2823 οἱ
325 2753 410 2825 θεῖοι
439 2749 622 2850 προφῆται
652 2743 717 2844 τὴν
750 2754 814 2823 τοῦ
847 2751 1010 2848 Χριστοῦ
1042 2745 1364 2848 προκατήγγελλου

719 2914 869 2984 rrnrrr'srrpor
881 2913 908 2968 S.

679 3063 697 3100 Α
714 3063 831 3101 ΡΘΛΒΜΟ
846 3061 939 3101 LXVH.

201 3123 225 3201 9
309 3147 375 3203 Visa
388 3155 448 3203 enni
463 3147 624 3204 itineratus
640 3150 728 3214 Dens,
742 3151 840 3205 itinera
857 3149 910 3206 Dei
932 3151 983 3205 rnei
1004 3151 1082 3220 regis,
1097 3150 1144 3223 qai
1163 3158 1201 3206 esi
1220 3151 1246 3204 ia
1260 3156 1362 3206 sanein.

102 3205 222 3310 ζζξζαᾎ
265 3229 455 3284 Praenenerrnnt
465 3229 600 3302 principes
613 3227 748 3299 conjuncti
764 3229 943 3304 psallenlibnr
959 3231 986 3284 in
1000 3229 1087 3284 medio
1100 3229 1364 3286 adolescentularum

101 3315 212 3352 urumvo-
265 3309 525 3384 tympanistriarum.
567 3307 603 3364 In
631 3310 746 3364 ecclesiia
774 3310 919 3366 benedicite
945 3309 1007 3364 Deo
1037 3308 1158 3364 Domino
1184 3312 1218 3365 de
1232 3308 1365 3382 snniibur

100 3365 187 3402 ‘'im“
264 3389 359 3444 Israel.
403 3385 468 3444 Illic
484 3385 625 3458 Benjnnrin
639 3389 738 3457 junior
751 3391 780 3444 in
794 3391 888 3444 meniis
901 3407 1016 3452 excessa.
1030 3388 1167 3460 principes
1180 3387 1268 3452 Jndn,
1284 3390 1364 3446 daces

264 3469 392 3542 ipserum,
415 3469 554 3541 principes
574 3467 709 3532 Zabulon,
726 3469 865 3542 principes
884 3468 1073 3543 Nepbtbalr'rn.
1117 3467 1181 3523 Hoc
1202 3487 1313 3542 quoque
1335 3469 1364 3524 in

263 3547 326 3604 loco
341 3565 399 3612 eos,
416 3548 464 3621 qui
484 3547 615 3604 dicuntur
635 3547 776 3621 principes
796 3547 992 3622 Nephthalim‚
1006 3565 1064 3603 non
1085 3547 1156 3603 aiios
1176 3566 1238 3603 esse
1259 3567 1364 3604 censeo

263 3647 347 3702 quam
361 3627 521 3700 apostolos;
544 3627 609 3683 inde
629 3627 704 3683 eninr
724 3645 773 3683 eos
793 3626 924 3684 Salvator
942 3646 975 3684 ac
989 3627 1127 3683 Dominus
1149 3635 1245 3683 noster
1264 3627 1361 3700 elegit,

264 3715 295 3764 ut
318 3727 335 3763 a
357 3707 497 3763 Matthaeo
517 3707 653 3781 scripturn
675 3716 728 3763 est.
772 3707 937 3782 Ingressunr
957 3727 1025 3763 vero
1047 3707 1083 3763 ad
1103 3706 1233 3763 homines
1257 3706 1362 3763 adven-

263 3795 380 3862 tumque
391 3787 443 3843 Dei
460 3785 550 3844 Verbi
565 3805 629 3842 cum
645 3805 762 3860 corpore
777 3786 844 3842 dum
859 3787 935 3843 canit
949 3787 1094 3860 scriptura,
1110 3787 1150 3843 sic
1164 3785 1213 3850 ait,
1229 3787 1364 3843 viserunt

264 3869 361 3922 itinera
382 3873 430 3922 ian
446 3866 534 3934 Deus,
553 3875 582 3923 et
603 3875 714 3923 caetera.
756 3867 884 3940 Hujusce
905 3885 990 3942 porro
1012 3867 1150 3922 adventus
1175 3885 1261 3940 quum
1283 3867 1364 3940 quasi

264 3963 452 4019 praecursores
466 3946 572 4003 firerint
586 3955 695 4003 veteres
710 3947 771 4004 Deo
786 3947 867 4002 amici
886 3946 1032 4021 prophetea
1051 3947 1085 4002 nd
1101 3945 1268 4002 Pralterium
1283 3946 1364 4003 etad

265 4024 358 4079 omnis
378 4026 492 4098 generis
512 4025 648 4100 spiratilia
668 4026 856 4083 instrumenta
873 4026 951 4082 illurn
974 4027 1002 4081 in
1023 4025 1116 4082 choris
1135 4026 1321 4099 praedicantes
1333 4035 1364 4083 et

263 4101 393 4158 laudibus
407 4103 581 4160 celebrantes
595 4113 809 4170 antevenerunt‚
824 4109 852 4161 in
873 4109 959 4162 medio
974 4108 1240 4162 adolescentularum
1255 4114 1363 4179 tympn-

264 4181 431 4234 nistrieram.
475 4182 586 4254 Ubique
600 4184 675 4238 enirn
690 4185 718 4239 in
733 4187 841 4241 medios
854 4185 1018 4242 iudaeorum
1040 4193 1196 4241 conventus
1216 4186 1364 4260 progressi

265 4255 352 4309 divini
375 4257 521 4327 prophetae
543 4261 649 4315 Christi
670 4270 751 4318 tanto
774 4273 838 4321 ante
864 4264 1071 4321 denunciabant
1093 4263 1267 4320 adventurn:
1292 4264 1362 4340 quin
