3120 4716
66 237 199 316 -456-
448 243 677 310 DEMONST.
702 246 871 312 EVANG.
897 249 963 312 IX.
979 268 1030 331 17.
1249 253 1313 320 903

9 457 10 484 ι
206 403 266 488 ἕως
297 405 368 486 ’ὅτου
402 407 489 516 θρύνοι
523 410 684 510 ἐτέθησαν,
723 423 782 494 καὶ
817 415 975 500 παλαιῶς
1008 417 1126 523 ἡμερῶν
1159 417 1308 510 incidero.
1325 475 1353 508 ,ο

206 534 326 610 Χῖλιαι
352 531 514 629 χιλιῶῶεε
541 537 756 641 ἐλειτούργουν
789 547 890 646 αὐτῷ,
923 549 981 620 καὶ
1010 545 1125 644 μορίαι
1156 538 1336 645 μοριοίῶεςο

205 659 485 762 παρειστήκεισαν
505 660 681 768 ἔμπροσθεν
701 667 809 743 αὑτοῦ.
855 673 923 744 Καὶ
945 662 1011 745 idaia
1028 663 1119 770 μετα
1137 667 1199 745 τῶν
1219 685 1311 773 νεφε-

183 780 274 862 aazia
301 785 357 862 τού
385 789 522 891 ούρανοῦ,
543 791 586 870 ῶς
616 787 680 873 υἷος
709 787 873 891 ανθρώπου
900 793 1100 898 “ε’ρχο’μενοτ.
1160 799 1227 869 Καὶ
1252 791 1311 877 ἕως

205 909 441 992 ταῖἷπαλανοῧ
465 911 525 990 τῶν
551 914 669 1018 ἡμερῶν
699 913 838 1020 ἔφθασε,
861 923 919 994 καὶ
944 922 1035 1023 αὐτῷ
1057 913 1144 1007 ε’ῶύθη
1168 922 1185 1005 ἡ
1208 918 1308 1023 α’ρχῆ,

9 1079 11 1184 Ι
208 1040 267 1112 καὶ
294 1038 311 1125 ἦ
339 1033 430 1139 uuir,
453 1041 511 1115 uui
535 1041 552 1130 ἡ
576 1041 759 1130 βασιλεία,
782 1049 841 1122 καὶ
865 1040 992 1126 ποίντες
1017 1050 1044 1120 οἱ
1068 1048 1160 1131 λαοὶ,
1182 1050 1306 1146 φυλαὶ,
1318 1087 1332 1136 5

205 1158 370 1258 γλῶσσαι
404 1165 493 1268 αὐτῷ
526 1157 737 1244 δουλεύουσιν.
795 1167 839 1244 ‘H
874 1166 1006 1272 ἐξουσία
1043 1169 1141 1246 αὑτοῦ
1175 1169 1308 1273 ἐξουσία

206 1285 344 1374 αὶῶνιοε,
370 1289 439 1378 ἥτις
467 1292 501 1366 οὐ
528 1289 784 1393 παρελεύσεται,
811 1300 871 1372 καὶ
903 1297 919 1385 ἡ
947 1295 1118 1384 βασιλεύοι
1146 1296 1245 1372 atrei
1273 1301 1308 1373 οὑ

181 1406 480 1518 όῶιαφθαρῆσεται.
531 1412 589 1492 Τὰ
610 1414 675 1512 μὲν
693 1417 918 1517 τῆσπρώτης
942 1417 1098 1524 ἀφίξεως·
1123 1422 1185 1516 τῆς
1208 1421 1306 1497 ε’ναν-

205 1537 476 1640 θρωπικωτέραο
493 1542 552 1617 καὶ
576 1545 741 1638 ταπεινῆς
759 1540 850 1638 μετὰ
874 1549 945 1620 τῶν
969 1543 1096 1621 ἄλλων
1119 1546 1177 1621 καὶ
1199 1553 1335 1636 roirrod

203 1663 274 1767 ἔχει
302 1665 396 1766 με’γα
423 1669 549 1766 δεῖγμα
577 1669 634 1745 καὶ
663 1675 822 1766 σημεῖον,
840 1665 882 1745 τὸ
907 1674 1023 1773 πρᾷον
1051 1669 1223 1768 λέγεσθαι
1247 1673 1306 1748 καὶ

203 1789 364 1894 ἡσύχιον,
384 1790 482 1896 ἥξειν
510 1825 549 1869 τε
576 1791 769 1894 ὀχούμενον
798 1791 973 1899 ὑποζυγίῳ
999 1793 1303 1899 προφητεύεσθαο·

204 1923 309 1993 τοῦτο
327 1914 398 2017 γὰρ
417 1925 534 1996 κοινοῦ
553 1921 611 1996 καὶ
629 1920 852 2019 ἀνθρωπίνου
869 1920 951 2014 βίου
970 1920 1094 2019 γίνοιτ’
1115 1916 1159 1998 ἂν
1177 1920 1329 2019 recturi-5
1376 1947 1385 1962 “

203 2027 293 2144 ριού·
313 2041 359 2120 τὰ
373 2042 410 2120 δὲ
427 2047 490 2140 τῆς
504 2044 665 2146 δευτέρας
680 2048 737 2122 καὶ
752 2045 870 2124 ε’νθέου
884 2044 1121 2146 λαμπρότατα
1136 2051 1306 2144 δηλοῦται

206 2165 264 2246 διὰ
293 2171 355 2264 τῆς
385 2169 442 2246 ἐπὶ
480 2175 641 2272 νεφελῶν
672 2171 822 2271 ούρανοῦ
861 2175 1115 2271 παρακομιδῆε,
1149 2177 1206 2250 καὶ
1242 2178 1305 2271 τῆς·

185 2295 347 2379 οαίωνίου
364 2293 510 2373 πάντων
529 2301 601 2374 τῶν
618 2298 729 2374 ἐθνῶν
744 2298 944 2390 βασιλείας.
988 2300 1058 2376 Καὶ
1076 2295 1121 2396 ἦν
1134 2331 1176 2396 γε
1195 2297 1308 2378 καλὸν

208 2419 411 2522 ἀμφοτέρας
428 2427 636 2522 παραθεῖναι
660 2427 734 2503 τοῖο
759 2423 797 2499 ἐκ
820 2427 1022 2530 περιτομῆς,
1041 2421 1153 2523 λόγον
1177 2457 1216 2503 τε
1244 2427 1347 2505 ati-10

207 2541 289 2626 roric
310 2547 517 2641 ἀπαιτῆσαι,
535 2553 611 2628 πῶς
636 2546 680 2624 ἂν
702 2547 862 2625 σῶσαιεν
883 2546 947 2629 τὰς
973 2552 1201 2652 προφητείαν,
1220 2551 1306 2648 μίαν

209 2669 333 2774 ἄφιξιν
352 2676 516 2772 Χριστοῦ
534 2677 814 2774 προσδοκῶντες·
844 2676 917 2750 ἐπεὶ
943 2672 1016 2774 γὰρ
1045 2675 1212 2776 ἑκατέραν
1233 2682 1306 2752 τῶν

649 2861 663 2891 ⁸
678 2849 819 2921 ἀρχόμενοι
835 2851 862 2904 S.

206 2994 292 3067 patiti
304 3001 374 3057 arat,
390 3001 416 3048 et
430 2996 559 3067 autiquae
572 2993 674 3050 dierum
687 2995 764 3052 redit.
809 2992 905 3050 Mtttta
927 2994 1041 3050 millium
1060 2991 1250 3049 ministrabant
1271 2993 1306 3056 ci,

208 3082 235 3129 et
247 3076 335 3130 decies
349 3075 445 3130 mittier
458 3075 526 3130 dena
540 3074 627 3130 millia
640 3075 784 3130 adstabant
798 3076 825 3129 ia
843 3082 984 3148 conspectu
998 3073 1063 3145 ejuc.
1105 3073 1148 3130 Et
1168 3091 1227 3128 ecce
1248 3091 1307 3129 cum

208 3153 323 3210 aubibus
337 3156 395 3210 cali
408 3157 487 3227 quasi
494 3155 572 3227 filiae
586 3153 699 3210 taminia
711 3157 827 3210 veniens.
859 3155 894 3208 Et
906 3173 988 3227 utque
1001 3157 1037 3210 ad
1052 3155 1192 3227 antiquum
1205 3153 1308 3210 dierum

206 3236 346 3306 peruenit:
370 3242 396 3290 et
410 3237 491 3290 datur
505 3242 545 3290 ert
559 3237 582 3290 ei
600 3237 780 3308 principatus,
795 3241 821 3289 et
842 3234 934 3298 Ιιονιοτ,
950 3242 977 3289 et
997 3252 1118 3307 reguum.
1160 3233 1202 3289 Et
1220 3251 1309 3289 amuco

206 3316 311 3387 populi,
326 3313 422 3378 tribuo,
439 3315 547 3388 linqua,
562 3317 680 3370 serviant
693 3317 727 3370 et.
771 3314 896 3370 Potartar
910 3312 977 3384 ejus,
989 3321 1113 3386 potestat
1126 3320 1237 3376 aterum,
1249 3331 1308 3384 qua

209 3413 261 3450 aaa
280 3396 436 3466 preteribit,
452 3402 478 3449 et
500 3413 610 3467 regnum
629 3397 686 3464 ejaa
702 3411 754 3449 aaa
775 3402 970 3465 corrumpetur.
1014 3393 1121 3448 Verum
1141 3410 1174 3447 ea
1193 3391 1307 3465 quidem

208 3492 272 3546 qua
294 3475 329 3530 ad
353 3475 475 3547 primum
497 3475 649 3531 adventum
670 3473 822 3548 pertinent,
838 3473 885 3546 qui
906 3482 936 3528 et
955 3472 1106 3528 humanior
1123 3480 1153 3528 et
1171 3470 1308 3544 abjectior

209 3554 356 3616 suiacum
377 3555 439 3610 aliis
459 3554 513 3610 hoc
534 3573 645 3629 quoque
666 3553 827 3629 argumenti
848 3552 977 3627 signique
998 3552 1114 3615 habent,
1132 3552 1207 3624 quod
1229 3568 1308 3606 ruau-

210 3642 307 3689 suetue
328 3644 358 3690 et
381 3634 508 3707 placidus
531 3635 642 3690 futurus
667 3634 785 3697 dicatur,
809 3641 999 3706 venturusque
1027 3631 1152 3688 insidens
1176 3631 1307 3704 jumento

210 3713 310 3770 eodem
335 3714 449 3770 oraculo
472 3714 646 3770 declaretur:
669 3714 724 3770 huc
746 3714 820 3770 enim
843 3714 1001 3770 commanis
1025 3711 1195 3784 humanique
1216 3712 1307 3766 victus

210 3802 410 3868 argumentum
423 3794 507 3851 fuerit
518 3817 533 3850 :·
542 3813 604 3868 quae
618 3812 685 3850 vero
699 3794 868 3850 adulterum
884 3793 961 3849 illum
976 3801 1004 3849 et
1019 3791 1172 3848 divinitatis
1187 3789 1307 3864 amplius

209 3891 267 3947 prae
282 3893 312 3930 se
325 3875 462 3931 terentem
483 3873 709 3930 manifestissime
728 3875 887 3930 indicantur
900 3892 951 3947 per
964 3873 1040 3928 illam
1056 3872 1085 3926 iu
1102 3869 1223 3926 nubibus
1244 3870 1308 3926 coeli

210 3955 434 4011 adventationem
453 3972 557 4028 perque
578 3954 646 4010 illud
669 3963 805 4011 aeternum
824 3953 852 4008 in
870 3953 1000 4009 omnibus
1021 3950 1154 4025 gentibus
1175 3969 1306 4024 regnum.

209 4035 273 4090 Nec
285 4053 352 4090 eane
364 4034 400 4090 ab
410 4054 442 4090 re
452 4034 537 4090 fuerit
548 4043 687 4107 utrunque
698 4033 715 4089 J
719 4033 805 4089 udaie
818 4050 986 4106 proponere,
999 4031 1192 4103 rationemque
1206 4030 1307 4087 abillis

209 4115 362 4187 postulare,
382 4133 505 4188 quonam
528 4123 611 4188 pacto
636 4113 659 4168 si
683 4132 771 4169 unum
795 4113 933 4169 duntaxat
954 4112 1062 4169 christi
1083 4110 1237 4168 adventum
1257 4128 1305 4166 ex·

209 4203 325 4268 pectant
345 4194 508 4269 prophetias
529 4213 594 4250 suaa
615 4193 667 4249 sibi
686 4193 774 4249 velint
792 4199 940 4248 cunctarer
965 4211 1029 4249 nam
1052 4210 1137 4266 quum
1160 4199 1306 4262 utramque

209 4293 315 4340 earum,
330 4293 392 4348 quae
414 4273 550 4350 exposita
572 4283 646 4338 aaut,
663 4273 699 4330 ad
714 4272 857 4331 Christum
879 4273 1020 4347 pertinere
1040 4271 1092 4346 ipsi
1111 4289 1220 4345 quoque
1235 4269 1306 4324 sate·
