3142 4720
70 271 198 354 -285.
454 274 681 341 DEMONST.
707 277 878 344 EVANG.
905 279 959 342 VI.
978 278 1027 342 18.
1245 279 1309 344 573

210 441 320 523 οὕτως
340 439 404 520 τὸν
422 440 552 546 χρόνον
570 449 633 542 τῆς
651 451 699 528 είς
718 446 925 548 ἀνθρώπους
944 455 1007 526 τοῦ
1030 450 1194 547 Χριστοῦ
1211 479 1305 547 πσρ-

211 566 337 650 ουσίας
354 568 552 666 σημαίνων·
583 573 641 648 καὶ
665 577 796 676 σαφῶς
821 576 952 671 δηλῶν,
972 575 1019 654 ὡς
1038 571 1108 672 ἄρα
1130 573 1149 650 ὃ
1177 569 1309 672 Κύριος
1322 607 1350 641 ¹0

212 691 328 787 αὐτὸς,
344 689 401 771 οἷα
420 699 498 798 φῶς
516 692 687 793 ἀληθινὸν
706 696 921 799 ᾳτνγχοίνων,
942 695 1038 774 ἰδίων
1055 694 1203 795 ποιητής
1220 723 1333 775 nureo

211 815 402 916 γενήσεται
430 819 578 920 ἡμερῶν,
596 827 670 903 τοῖς
687 830 741 899 ττε
769 821 826 900 ε’πὶ
852 826 921 921 γῆς·
942 818 1079 901 ἅπασιν
1110 818 1309 921 ἀνθρώποις

211 939 420 1048 ἐπιλάμψει,
438 950 511 1024 τῶν
535 946 646 1025 ἐθνῶν
669 942 837 1026 ἁπάντων
861 945 968 1025 αι’σὸν
991 979 1029 1025 τε
1052 949 1110 1024 καὶ
1132 943 1197 1028 τὰς
1214 947 1309 1022 ἀκτῖ-

213 1101 276 1151 νας
305 1077 369 1146 τοῦ
397 1069 517 1174 φωτὸς
547 1073 654 1150 αὐτοῦ
684 1072 986 1177 καταδεξαμένων,
1009 1071 1067 1150 ὅτε
1096 1077 1168 1148 τῶν
1198 1073 1309 1148 ἐθνῶν

211 1194 379 1273 ἁπάντων
393 1197 650 1301 φωτιῷμὲνων,
662 1197 753 1276 κατὰ
770 1198 812 1277 τὸ
830 1197 960 1278 τίθειιιιί
978 1233 1016 1277 σε
1033 1206 1077 1282 εἰς
1097 1197 1187 1302 'puls
1208 1194 1329 1286 ἑθιῶι,5

213 1329 259 1405 eir
278 1317 428 1415 διαθήκην
446 1323 567 1425 γέιιυς,
587 1322 630 1402 τὸ
648 1324 827 1404 Ἰουδαίων
850 1325 948 1407 Ιε”θνος
967 1322 1025 1402 διὰ
1046 1322 1112 1420 τὴν
1135 1329 1181 1405 εἰς
1201 1321 1308 1402 αὐτὸν

189 1449 383 1538 ,ἀπιστίαν
405 1455 479 1528 τοῖο
503 1447 669 1553 ἐσχάτοις
684 1457 926 1554 περιπεσεῖται
945 1451 1098 1532 ιδεινοῖο.
1137 1455 1309 1527 Τοιοῦτον

212 1571 284 1672 γάρ
301 1574 379 1650 ε’στι
397 1572 450 1668 τὸ,
464 1569 546 1653 Ἰδιδ
564 1573 700 1682 ’ἡμέραι
720 1575 866 1684 ἔρχονται
887 1578 940 1654 τοῦ
960 1577 1084 1682 Κυρίου,
1103 1580 1162 1652 καὶ
1182 1569 1303 1678 θιαμε·
1330 1583 1332 1588 ’

211 1695 409 1801 prodiicerent
429 1699 475 1778 τα
497 1699 613 1778 σκῦλιί
631 1736 691 1789 σου
711 1709 739 1779 ἐι
758 1708 823 1789 rel,
845 1708 903 1779 uui
925 1699 1112 1805 ἒπισυιθξω
1128 1697 1244 1779 πιίντα
1263 1697 1309 1778 ris
1320 1730 1349 1765 ¹0

213 1819 276 1914 ἔθνη
298 1824 355 1902 ἐπὶ
374 1821 591 1928 Ἰεριυσαλῆμ
616 1834 661 1909 εἰς
685 1829 924 1929 minturnensi
949 1825 1123 1904 ιὶλιίσιται
1151 1829 1168 1918 ἡ
1193 1824 1307 1914 πίλις,

214 1957 273 2025 καὶ
303 1943 591 2053 θιαρπαγήσινται
621 1960 658 2030 αἱ
688 1953 803 2039 οἰκίαι,
825 1959 885 2031 καὶ
910 1961 946 2029 αι’
968 1955 1126 2052 γυναῖκες
1150 1949 1308 2056 μιλυνθὴ-

212 2109 338 2163 σινται,
361 2082 419 2153 καὶ
439 2075 647 2181 ἐξελεύσεται
667 2078 702 2155 ri
722 2079 824 2179 ἥμισυ
843 2074 899 2166 ric
919 2078 1050 2159 πόλεως
1069 2077 1098 2155 ἑν
1117 2085 1337 2178 αίχμαλω-ιί

185 2202 286 2307 ὅσιἀ.
347 2199 452 2278 Μετὰ
480 2199 518 2279 δὲ
545 2198 611 2300 τὴν
640 2205 724 2299 ”mir
742 2199 981 2303 Ἰερουσαλὴμ
1007 2201 1227 2302 πολιορκίαν,
1250 2206 1308 2279 καὶ

212 2322 277 2422 τὴν
300 2326 373 2422 μετ’
393 2325 503 2424 αὐτὴν
527 2328 781 2430 αἰχμαλωσίαν
804 2334 867 2405 τοῦ
885 2327 1065 2405 Ἰουδαίων
1084 2327 1215 2422 ἔθνους,
1233 2329 1308 2407 ε’πι-

212 2451 309 2550 λέγει
327 2451 410 2556 ἑξῆς
428 2450 549 2552 ἀγαθὰ
566 2459 640 2536 τοῖς
656 2459 750 2531 πᾶσι
770 2450 957 2553 θεσπίζων,
980 2461 1047 2532 Καὶ
1074 2453 1169 2531 ἔσται
1195 2452 1309 2558 Κύριος

211 2585 258 2661 eir
287 2578 445 2668 βασιλέα
479 2581 533 2658 ἐπὶ
569 2581 688 2657 πᾶσαν
720 2576 773 2670 τὴν
802 2577 874 2680 γῆν.
937 2583 1008 2658 Καὶ
1042 2579 1166 2668 ποίλιν,
1180 2577 1330 2661 *nerum

212 2701 325 2808 Κθριος
343 2701 400 2792 εἷς,
424 2707 480 2782 καὶ
504 2701 540 2782 ri
566 2704 669 2808 ίνομα
694 2707 794 2783 αὐτοῦ
814 2701 855 2794 ἓν,
879 2708 1019 2784 κυκλοὸν
1038 2707 1158 2784 πῖισαν
1177 2700 1230 2795 clu
1248 2702 1308 2804 γῆν

251 2888 267 2932 q
281 2881 409 2951 τυγχάνον
424 2881 453 2934 S.
574 2881 641 2953 ι’δε“]
659 2903 688 2934 re
703 2882 734 2936 P.
859 2890 870 2922 ³
885 2884 943 2951 φῶς
956 2881 1089 2952 διαθήκης]
1107 2883 1165 2950 φῶς
1178 2879 1258 2932 ίθνῶν
1272 2879 1308 2934 els

209 2959 331 3028 διαθήκην
346 2960 376 3016 P.
474 2959 485 3000 ῑ
499 2959 599 3032 δεινῶν]
617 2962 709 3016 δεινοῖς
723 2962 754 3016 P.
858 2971 873 3000 V
888 2961 968 3033 ἡμέρα
981 2959 1095 3033 ἔρχεται]
1113 2960 1202 3032 ἡμέραι
1215 2960 1307 3030 ἔρχον-

209 3061 252 3093 ται
266 3039 298 3093 Ρ.
383 3049 398 3079 ¹¹
412 3041 476 3094 ιιιιτδ
488 3040 547 3113 τῆς]
563 3041 614 3096 dcl.
629 3042 699 3096 κατὰ.

210 3183 310 3240 eodem
323 3183 456 3248 ostendit,
467 3183 704 3257 quemadmodum
716 3183 776 3258 ipse
784 3184 933 3248 Dominus,
944 3193 1077 3258 tunquam
1091 3183 1187 3240 lumen
1199 3200 1307 3245 uerum,

211 3263 388 3337 propriorum
411 3262 561 3337 aliquando
583 3264 685 3320 author
705 3265 754 3320 fiet
772 3264 890 3330 dierum,
913 3274 942 3321 et
963 3264 1094 3321 omnibus
1114 3264 1163 3338 qui
1183 3263 1211 3319 in
1232 3270 1309 3320 terre

212 3352 278 3399 sunt
298 3343 459 3400 hominibus
478 3344 632 3412 illucescet,
648 3363 704 3418 quo
725 3354 852 3417 tempore
873 3353 901 3400 et
922 3345 1015 3418 ipsum
1035 3351 1065 3401 et
1083 3343 1199 3400 luminis
1220 3343 1308 3415 ipsius

210 3423 305 3480 radios
323 3423 461 3481 unirersae
478 3433 581 3498 gentes
602 3424 764 3500 suscipient,
780 3443 841 3497 quse
856 3423 968 3497 quidem
983 3424 1051 3479 dum
1065 3421 1306 3485 illuminabuntur,

208 3504 290 3577 juxte
302 3503 379 3568 illud,
394 3503 480 3560 Posui
495 3505 562 3560 lein
577 3504 668 3561 lumen
678 3507 808 3578 gentium,
824 3506 852 3558 in
870 3510 1060 3559 testamentum
1072 3503 1185 3575 generis.
1200 3501 1308 3556 interea

210 3583 329 3644 ludoico
342 3603 415 3659 geue
429 3594 543 3658 propter
557 3583 751 3642 infidelitatem
766 3583 901 3640 adversus
915 3582 994 3638 illum
1013 3581 1041 3637 in
1060 3589 1188 3636 extreme
1203 3579 1308 3634 inuidet

212 3663 372 3724 infortunio.
394 3665 465 3723 Tule
475 3665 564 3740 igitur
574 3675 617 3722 est
629 3664 706 3730 illud,
714 3664 790 3721 Eece
800 3665 855 3720 dies
865 3665 976 3720 ueniunt
984 3661 1108 3724 Domini,
1117 3668 1143 3717 et
1154 3658 1308 3715 dividentur

211 3746 298 3819 spolio
313 3755 358 3803 tnu
373 3748 401 3800 in
416 3755 452 3814 te,
468 3754 494 3800 et
508 3745 676 3818 congregabo
690 3763 780 3801 omnes
798 3750 891 3818 gentes
911 3745 940 3799 in
953 3741 1127 3798 Hierusalem
1144 3742 1180 3796 ud
1200 3738 1306 3804 bellum,

212 3835 239 3881 et
253 3829 376 3902 capietur
390 3829 494 3890 οὶοὶῑοε,
504 3836 531 3883 et
544 3827 706 3899 diripientur
715 3829 817 3889 domus,
828 3833 854 3880 et
865 3825 989 3880 mulieres
992 3822 1182 3899 sedabuntur,
1194 3827 1221 3876 et
1233 3837 1306 3894 epre-

212 3908 303 3963 dietur
316 3908 456 3963 dimidium
472 3909 591 3962 ciuitatis
605 3905 633 3960 in
649 3908 842 3980 captiuitatem.
865 3904 933 3960 Post
948 3920 1014 3960 vero
1028 3901 1115 3976 ipsius
1129 3900 1307 3958 Hierusalem

212 3985 397 4052 obsidionem,
412 3994 441 4043 et
455 4005 518 4043 eam
532 4005 594 4060 quse
615 3984 688 4042 illico
703 3993 799 4042 secuto
816 3994 860 4042 est
872 3984 890 4040 J
893 3983 997 4040 uduicae
1018 3983 1112 4057 gentis
1133 3981 1307 4044 servitutem,

214 4065 346 4140 deinceps
359 4067 435 4124 bonu
449 4066 580 4123 omuibus
599 4065 729 4141 adjungit
742 4065 913 4127 communie,
928 4063 968 4120 sic
989 4081 1102 4128 canens,
1115 4062 1158 4119 Et
1179 4063 1231 4118 erit
1245 4060 1308 4116 Do·
1345 4121 1348 4129 ,

213 4149 300 4202 ιιιὶιιιιι
313 4147 342 4202 in
363 4165 454 4221 regem
471 4150 498 4202 in
520 4165 620 4202 emnem
638 4153 749 4202 terrum.
791 4143 830 4199 Et
844 4161 952 4208 rursus,
969 4144 1031 4199 Erit
1045 4143 1178 4198 Dominus
1191 4159 1268 4206 unus,
1283 4147 1309 4194 et

212 4243 306 4283 nomen
320 4226 397 4282 itlius
411 4245 502 4290 unum,
518 4226 639 4281 ambiens
652 4243 754 4281 ornnem
769 4230 869 4280 terrum
886 4232 912 4279 et
932 4223 1114 4279 solitudinem.
1155 4219 1214 4276 Sed
1234 4219 1310 4274 enim

213 4323 299 4377 quum
314 4305 476 4364 vaticinium
498 4305 626 4362 enuntiet
643 4305 791 4362 Juduicam
812 4311 928 4377 gentem
947 4321 1009 4360 esse
1028 4301 1096 4358 tulin
1111 4313 1311 4373 perpessurum
