3108 4708
177 267 179 272 ·
274 245 337 314 νυν
721 244 907 310 ananan
1351 245 1509 328 Μνη-

273 449 326 498 τις
358 409 480 513 ἐγίνετο
509 413 564 492 ἐπὶ
594 415 714 493 πάσαν
742 410 796 506 rin
823 413 893 515 γῆν,
922 413 982 498 ἕως
1010 413 1095 522 θροις
1124 411 1246 506 ἐνάτης.
1305 411 1376 492 Διό
1388 445 1450 500 10„¹

274 551 389 644 φησιν
417 540 439 636 ἡ
467 541 676 643 προφητεία,
696 541 726 618 ἑν
753 549 790 651 τῇ
818 538 919 648 ἦριέρρι
948 543 1045 654 ἐκείνη
1076 546 1134 620 οὐκ
1162 540 1258 618 ἔσται
1286 538 1372 644 φῶς.

276 669 348 744 Καὶ
375 665 497 762 πάλιν,
519 675 578 746 καὶ
606 672 669 764 οὐχ
697 666 800 772 ἦμέρα
828 676 888 746 καὶ
916 673 950 746 οὐ
979 665 1043 773 virg,
1070 667 1105 746 τό
1132 669 1213 772 πρός
1237 663 1376 770 ἑσπέρνιν

251 791 370 870 ιίσται
391 791 476 897 φάς.
533 793 591 871 Δι’
612 788 662 871 ὧν
680 793 878 873 λευκότατα
896 794 1071 894 ῑὴγοῦμσι
1089 790 1154 891 τὴν
1172 800 1235 873 τοῦ
1254 799 1377 893 καιροῦ

274 915 509 1014 κατάστασιν,
524 920 562 997 ἐν
581 915 609 1024 ᾧ
628 927 691 996 τοῦ
712 923 878 1022 Σωτῆρος
897 918 1148 1023 άνυφωθέντος
1166 925 1225 996 καὶ
1243 917 1375 1018 ἡμέρας

275 1044 385 1141 οὔσης
409 1043 478 1148 νὺξ
501 1043 572 1123 ἀπὸ
597 1041 690 1147 ὥρας
715 1045 816 1144 ἕκτης
842 1044 884 1124 τὸ
909 1045 1074 1148 περιέχον
1097 1043 1253 1146 συνέσχε
1272 1039 1377 1146 με’χρι
1385 1076 1417 1138 p.
1427 1053 1492 1136 488

274 1172 337 1267 τῆς
368 1167 501 1268 ἐνάτης,
532 1171 611 1265 μεθ’
643 1168 687 1269 ἣν
718 1171 817 1254 αὖθις
848 1179 913 1250 τοῦ
949 1169 1102 1254 σκότους
1134 1170 1377 1252 διαλείποντας

276 1295 387 1397 ἡμέρα
415 1301 472 1375 καὶ
498 1299 621 1402 φῶς’
603 1299 747 1398 εγίνετο,
769 1293 898 1394 μεθ’
878 1333 903 1374 α
928 1293 1041 1376 πάλιν
1067 1293 1280 1394 συνήθως
1260 1330 1284 1454 η
1311 1292 1381 1401 νυξ

276 1420 553 1518 κατελάμβανεν.
595 1422 748 1570 ’Άπερ
733 1457 753 1501 o
773 1427 836 1521 τῆς
853 1423 1069 1574 προφητείας
1090 1423 1240 1522 λόγος’
1218 1421 1401 1526 ηνίττετσς

276 1546 441 1698 φάσκων,
473 1561 532 1629 noi
566 1547 669 1657 ἡμερνι
700 1551 799 1643 ἐκείνη
828 1585 959 1650 γνωστη
988 1557 1035 1658 τῷ
1069 1553 1185 1656 Κυρίῳ,
1219 1557 1278 1628 καὶ
1315 1554 1378 1646 οὐχ

253 1703 380 1781 τημερυι
404 1686 463 1753 καὶ
492 1712 525 1753 ιν
514 1672 659 1781 ’νυξ,π
630 1711 711 1780 προς
731 1673 872 1780 ἕσπεραν
893 1674 988 1754 ἔσται
1008 1675 1095 1781 φας.
1155 1674 1286 1777 Ουχ
1265 1673 1378 1774 ημέρα

275 1800 435 1906 μὲνγὰρ
460 1800 505 1900 ἧν
530 1799 587 1880 διὰ
613 1801 653 1881 τὸ
678 1799 924 1903 μεσημβρινὸν
949 1800 1092 1884 σκότος·
1124 1804 1182 1880 καὶ
1204 1799 1317 1880 πάλιν
1335 1801 1378 1879 οὐ

276 1925 347 2034 νίνξ
365 1927 423 2006 διὰ
447 1926 513 2027 τὴν
539 1930 878 2023 ἐπικαταλαβοῦσαν
907 1927 1050 2031 ἡμέραν,
1075 1925 1119 2026 ἣν
1146 1927 1418 2030 παρέστησευιο

275 2056 581 2156 ἐπισημηνάμενος
608 2056 666 2137 διὰ
696 2066 759 2137 τοῦ
787 2057 899 2162 φάναι
925 2055 968 2135 τὸ
996 2056 1079 2165 πρὶς
1107 2054 1250 2161 ἑσπέραν
1279 2055 1376 2136 ἔσται

276 2183 362 2291 φιῖς.
411 2187 479 2267 Τίς
497 2187 526 2264 δ’
540 2186 604 2264 οὐκ
627 2181 671 2263 ἂν
690 2183 883 2283 θαυμάσειε
901 2182 982 2263 11καὶ
1003 2187 1066 2282 τῆς
1084 2183 1264 2286 χειμαδίσυ
1282 2178 1376 2285 ὥρας

274 2307 340 2407 τὴν
357 2309 526 2409 μνήμην;
559 2308 604 2408 ἢν
631 2312 689 2389 καὶ
713 2309 824 2408 αὐτὴν
848 2309 1039 2390 ε’θέινπισεν
1063 2311 1083 2387 ὁ
1109 2307 1220 2408 λόγος
1241 2308 1407 2413 φήσαςώ

277 2442 336 2514 καὶ
356 2430 477 2542 φίχις
499 2447 558 2516 καὶ
576 2437 693 2538 πάγος
711 2436 819 2516 ἔσται·
852 2434 872 2514 ὃ
898 2438 956 2514 καὶ
984 2434 1069 2514 αὐτὸ
1094 2435 1117 2533 ἦ
1142 2444 1205 2515 τοῦ
1230 2437 1376 2537 εὐαγγε-
1539 2465 1540 2520 ι

276 2563 356 2641 λίαν
373 2566 549 2667 μαρτυρίαι
566 2565 792 2664 συνίστησιν,
807 2564 958 2662 ὁπηνίκα
976 2563 996 2640 ό
1016 2561 1154 2666 Πέτρος
1168 2566 1375 2643 ἀκολουθῶν

277 2691 328 2793 τῷ
341 2689 475 2786 Ἰησοῦ,
490 2685 743 2793 περιαψάντων
761 2686 879 2789 πυρὰν
897 2689 934 2766 ἐν
952 2691 998 2790 τῇ
1018 2688 1112 2790 αὐλῇ
1129 2693 1193 2766 τοῦ
1212 2685 1372 2791 Καιάφα,

253 2812 367 2911 σμετᾶ
387 2821 459 2893 τῶν
485 2815 610 2893 ἄλλων
634 2815 866 2916 ἐθερμαίνετο.
910 2815 959 2890 Ὁ
979 2820 1067 2912 γοῦν
1083 2811 1250 2912 Ἰωάννης
1271 2813 1397 2900 ἄντι-ς

296 3007 446 3082 Βῆγοῦμσι]
465 3011 565 3064 Docere
578 3011 683 3065 videtur
696 3010 841 3078 δηλοῦσθαι
850 3011 892 3064 val
906 3009 991 3065 simile
1005 3009 1078 3082 quid.
1161 3005 1178 3050 ¹¹
1192 3011 1233 3064 καὶ
1246 3011 1307 3066 add.
1320 3011 1351 3066 P.

277 3184 314 3239 αθ
333 3183 427 3239 lucram
449 3202 554 3242 aonam.
596 3183 641 3240 Ex
656 3203 712 3258 quo
727 3185 766 3241 sic
781 3183 821 3241 ait
834 3183 993 3259 prophetia,
1012 3185 1044 3241 In
1058 3185 1102 3240 crte
1121 3185 1170 3240 illo
1184 3201 1239 3240 non
1252 3185 1304 3240 erit
1317 3185 1373 3240 lar.

277 3263 315 3320 Et
339 3283 445 3330 rursus,
463 3265 506 3321 Er
528 3266 696 3340 nequeenim,
718 3284 804 3340 neque
824 3283 887 3330 σου,
908 3267 945 3320 nd
968 3281 1105 3339 vesperam
1125 3264 1178 3322 erit
1199 3266 1254 3330 lux,
1274 3263 1374 3338 quibua

277 3345 370 3403 verbis
384 3347 530 3421 perspicue
544 3346 661 3402 indicari
674 3354 743 3420 puto
758 3345 831 3402 illins
844 3345 982 3422 temporie
992 3343 1195 3408 conditionem,
1209 3362 1295 3418 quum
1310 3341 1373 3400 Sal-

277 3434 375 3484 vatore
388 3436 486 3484 nostro
501 3427 584 3483 altine
598 3427 709 3484 sublato
723 3427 752 3482 in
765 3426 828 3500 ipsa
841 3426 897 3483 diei
913 3426 976 3482 luce
994 3443 1053 3482 nox
1067 3425 1103 3482 ab
1117 3425 1189 3481 hora
1203 3443 1234 3480 vr
1249 3424 1279 3480 id
1298 3423 1375 3497 qnod

277 3508 383 3564 circum
399 3517 503 3564 terram
524 3515 569 3564 est
592 3506 714 3564 obtinuit
735 3525 824 3581 usqne
849 3506 885 3563 ad
905 3506 1005 3562 horam
1023 3523 1064 3573 rx,
1085 3513 1150 3580 post
1170 3523 1256 3579 qnam
1276 3522 1375 3561 rursus

277 3588 470 3645 desinentibus
484 3588 683 3644 tenebriodiea
697 3595 725 3642 et
741 3587 790 3642 lux
812 3605 925 3644 reversa
945 3595 998 3651 est,
1019 3594 1086 3660 post
1109 3603 1170 3660 qnae
1192 3603 1289 3641 rutena
1304 3603 1374 3641 con·

277 3676 357 3725 aneta
370 3687 428 3725 nox
443 3676 540 3725 secuta
553 3676 606 3726 eat.
649 3667 721 3736 Qum
735 3667 831 3724 omnia
845 3685 937 3724 nermo
952 3666 1132 3740 propheticus
1147 3665 1249 3730 innuit,
1260 3665 1309 3722 ubi
1323 3665 1374 3728 ait,

277 3751 316 3806 Et
329 3751 385 3806 dies
398 3749 445 3806 ille
458 3756 538 3804 nolus
552 3749 682 3812 Domino,
697 3755 725 3804 et
745 3766 832 3822 aeque
849 3750 916 3816 dieo,
931 3765 1016 3820 neque
1033 3764 1096 3813 νοτ,
1112 3749 1150 3802 ad
1169 3763 1305 3818 vesperam
1322 3748 1375 3800 erit

276 3833 331 3896 lue,
346 3830 406 3887 dies
427 3829 539 3903 quidem
560 3829 607 3884 ille
625 3847 683 3884 non
702 3835 763 3884 erat
779 3839 895 3903 propter
911 3826 1081 3884 meridianas
1094 3826 1234 3890 tenebras,
1250 3825 1300 3881 sed
1320 3844 1377 3882 nec

275 3910 344 3965 item
358 3929 415 3967 nox
430 3917 545 3985 propter
558 3909 645 3984 ipsius
659 3908 715 3965 diei
727 3926 882 3972 recursum,
899 3926 981 3981 quem
996 3906 1131 3964 indicavit
1147 3905 1310 3981 significans
1324 3923 1376 3980 per

276 3987 324 4043 illo
337 3990 431 4054 verba,
446 3991 484 4046 nd
503 4008 642 4065 vesperam
658 3991 709 4045 erit
731 3991 784 4046 lux.
827 3987 899 4056 Quis
919 3996 1013 4044 autern
1034 4005 1093 4044 non
1113 3987 1268 4044 admiretur
1287 3986 1376 4042 etiam

276 4066 410 4140 hybernae
424 4071 502 4125 horae
517 4068 836 4127 commemorationem?
852 4087 936 4141 quam
947 4069 1036 4143 ipsam
1052 4068 1148 4124 itidem
1164 4066 1300 4123 divinavit
1309 4085 1374 4123 ora·

276 4146 379 4208 culum,
395 4166 481 4218 quum
496 4149 544 4212 ait,
561 4151 598 4204 Et
611 4149 709 4224 frique
723 4156 749 4204 et
761 4151 825 4221 gela
839 4151 911 4205 erit:
933 4148 1009 4222 qnod
1029 4149 1098 4205 item
1120 4148 1212 4222 ipsum
1234 4146 1375 4221 evangelii

275 4222 468 4277 testimonium
482 4227 670 4290 commendat.
686 4247 772 4300 quum
788 4229 891 4285 Petrus
905 4228 971 4284 dum
986 4228 1084 4285 Jeeum
1104 4228 1238 4302 seqnitur,
1253 4245 1375 4283 accenso

275 4299 341 4368 igne
356 4299 384 4352 in
400 4299 471 4353 atrio
487 4301 612 4373 Caiphae,
628 4323 761 4362 unacum
776 4307 837 4363 aliis
852 4307 1032 4365 calefaciebat
1047 4327 1086 4366 se
1110 4308 1232 4365 Proinde
1245 4307 1375 4363 ioannes
