3120 4716
268 261 333 330 938
715 257 901 320 EUSEBII
1350 275 1381 335 P·
1393 265 1506 334 475-

248 425 366 508 tnirir
385 419 532 532 ταραδῶ
548 429 691 509 ”ntroin
752 430 911 502 Τοιαῦτα
936 429 1024 524 γοῦν
1049 423 1124 500 κατ’
1144 422 1253 500 αὐτοῦ
1279 453 1369 499 συν-

270 551 424 648 θέμενος,
443 549 491 633 εἷς
509 547 554 647 ἦν
572 556 644 627 τῶν
668 546 760 647 μετὰ
786 557 899 627 ταῦτα
923 545 994 626 σὺν
1019 547 1115 653 αύτῷ
1139 545 1375 642 ἀνακειμένων
1386 581 1417 615 ¹0
1479 578 1483 584 ·

268 677 306 752 ἐν
330 683 381 779 τῷ
405 683 469 753 τοῦ
496 673 635 777 Πάσχα
663 674 868 780 συμποσίῳ,
888 672 947 752 ὅτε
975 675 1033 751 καὶ
1061 671 1168 754 αὐτὸς
1196 673 1216 749 ὁ
1246 668 1374 772 Σωτὴρ

268 801 369 899 ἡμῶν
393 797 536 880 οὶιέιιειτο
562 800 652 902 merie
672 799 733 880 τῶν
752 796 896 889 δώδεκα,
917 797 1074 878 ἐσθιόντων
1092 833 1129 878 τε
1149 797 1254 878 αὑτοῖν
1271 796 1406 886 εἴποιμί

269 923 373 1030 Ἀμέηι
401 925 489 1028 ιἰμέην
516 923 609 1027 λέγω
637 931 722 1030 ὑμῖν,
748 929 796 1005 ’ότι
825 925 873 1010 εἷς
902 925 938 1031 ἐξ
969 925 1058 1029 ύμῶν
1086 919 1283 1030 παραδώσει
1313 957 1370 1023 με.

247 1059 342 1131 υΚαὶ
373 1051 590 1154 ’λυπούμενοι
620 1047 753 1156 σφόδρα
781 1049 914 1159 ἤρξαντο
944 1051 1057 1150 λέγειι
1085 1048 1230 1133 ἕκαστος
1256 1047 1375 1137 mincii,

272 1179 331 1270 Μιὶ
348 1213 380 1258 τι
399 1177 467 1278 ἐγω
485 1186 565 1280 εἰμι,
588 1176 701 1282 Κύριε,
732 1178 769 1254 ἐν
787 1175 838 1258 οἷς
858 1174 902 1275 ἦν
921 1180 978 1254 καὶ
996 1175 1143 1270 Ἰούδας,
1163 1173 1203 1256 ὃς
1220 1173 1262 1253 τὸ
1280 1177 1401 1272 τλῆ-ο

271 1335 330 1402 pec
347 1301 482 1383 παντὸς
505 1301 615 1380 δόλου
640 1304 698 1379 καὶ
723 1301 896 1401 εἰρωνείας
915 1300 1058 1405 ἀνοίξας
1076 1297 1197 1398 στόμα
1226 1303 1375 1402 ἀποκρι-

273 1429 344 1508 θεὶς
369 1423 475 1522 εἶπεν,
497 1429 553 1519 Mei
577 1463 608 1505 τι
637 1427 706 1526 ἐγώ
734 1435 802 1530 είμι
821 1427 956 1518 Ῥαββί
967 1466 975 1520 5
1005 1423 1127 1504 δόλιον
1152 1423 1219 1522 ’δὴ
1244 1423 1376 1522 στόμα,

274 1553 316 1630 δι’
337 1553 379 1631 οὗ
406 1549 448 1630 rei
478 1560 627 1649 σημεῖον
654 1560 727 1633 τοῖς
754 1551 959 1644 ἐπιβούλοις
985 1561 1050 1631 τοῦ
1079 1555 1248 1653 Σωτῆρος
1278 1552 1378 1649 ἡμῶν

273 1675 414 1776 ἐδήλου,
445 1677 571 1779 λέγων,
604 1680 635 1757 'ir
669 1675 725 1756 e'iu
758 1679 907 1781 φιλήσω,
942 1677 1042 1762 αὑτός
1073 1679 1154 1774 ἐστι,
1190 1680 1377 1784 κρατήσατε
1389 1718 1419 1752 ιο

252 1805 382 1892 οαότόν.
434 1801 489 1881 Ὃ
517 1805 575 1881 καὶ
603 1801 720 1899 εἰπὼν,
740 1803 833 1909 ἔργῳ
858 1801 922 1881 τὸν
944 1801 1055 1881 δόλον
1079 1801 1298 1903 ἀπεπλήμου,
1318 1801 1377 1881 ὅτε

275 1925 480 2035 ’προσελθὼν
498 1936 543 2034 τῷ
560 1931 675 2022 Ἰησοῦ,
695 1925 783 2007 εἶπεν
802 1935 904 2034 αὐτῷ,
924 1932 1024 2033 Χαῖρε
1041 1928 1186 2021 ‘Petilii
1209 1937 1268 2007 uni
1291 1963 1378 2008 κατ-

275 2057 431 2159 εφίλησεν
455 2057 562 2133 αὐτόν.
611 2055 655 2132 Ὀ
680 2049 715 2133 δέ
738 2057 860 2144 Ἰησοῦς
890 2051 979 2134 εἶπεν
1007 2058 1110 2160 αὐτῷ,
1124 2053 1255 2162 Ἑταῖρε
1279 2050 1379 2161 idio}

274 2181 397 2285 πόροις
429 2182 486 2258 καὶ
511 2178 632 2274 πάλιν,
650 2174 771 2267 Ἰούδα,
792 2181 966 2283 φιλήματι
984 2179 1036 2258 riu
1055 2177 1117 2258 uiiu
1138 2181 1195 2257 τοῦ
1213 2177 1377 2282 ανθρώπου
1389 2211 1418 2260 ¹⁵

275 2299 494 2408 ταραδίδωςς
538 2303 686 2382 Τούτων
715 2305 745 2382 δ’
773 2305 836 2382 οὖν
865 2304 965 2382 ἕνεκα
997 2301 1197 2404 προλαβὼν
1224 2302 1282 2383 διὰ
1313 2311 1377 2382 τοῦ
1387 2309 1492 2396 p·476

277 2433 435 2524 Ψαλμοῦ
454 2431 578 2532 φησὶν,
598 2429 644 2506 ’ότι
671 2438 787 2532 στόμα
812 2432 1015 2534 ἱιμαρτωλοῦ
1042 2437 1101 2508 καὶ
1128 2430 1241 2530 στόμα
1270 2423 1378 2507 δολίου
1546 2463 1547 2510 ι

278 2555 331 2632 ἐπ’
351 2553 410 2656 ἐμέ
438 2549 572 2650 ἠνοίχθη,
602 2549 778 2644 ἐλιίλησαν
808 2561 883 2635 κατ’
908 2555 988 2657 ἐμοῦ
1014 2555 1159 2666 γλώσσῃ
1188 2550 1288 2661 δολία
1317 2563 1377 2632 καὶ

278 2681 395 2782 λόγοις
415 2689 430 2720 “
437 2681 557 2784 μίσους
577 2679 774 2758 ἐκύκλωσοίν
799 2716 845 2783 με
870 2690 928 2759 καί
949 2678 1163 2780 ἐπολέμησαν
1180 2715 1225 2784 με
1247 2675 1403 2786 imperius

320 2873 336 2904 ¹¹
351 2866 437 2920 adroic
451 2865 511 2918 add.
528 2865 557 2918 P.
653 2862 849 2933 ¹)touroriueooi
865 2865 892 2918 S.
989 2864 1049 2932 Υδὴ
1063 2863 1124 2917 add.
1141 2864 1214 2948 Ρ..
1268 2871 1378 2932 Ιιτροσ-

279 2944 358 2998 ολθδν
373 2945 401 2998 S.
484 2943 610 3012 ῧμύσους
627 2945 654 2998 S.

280 3087 355 3142 rebat
370 3089 532 3144 occasionem
547 3094 578 3142 ut
591 3088 667 3144 iilum
682 3088 720 3144 eie
731 3089 869 3162 proderet.
911 3088 1007 3157 Quum
1022 3105 1091 3162 ergo
1106 3086 1173 3144 talia
1186 3094 1286 3142 contra
1299 3085 1378 3146 illum

280 3164 395 3222 molitus
409 3175 494 3229 esset,
510 3185 581 3223 unus
595 3175 694 3241 postea
707 3167 761 3225 suit
774 3186 810 3224 ex
831 3167 865 3223 iis
886 3167 934 3242 qui
954 3186 1018 3224 cum
1037 3167 1086 3224 illo
1105 3167 1134 3223 in
1152 3166 1279 3242 paschali
1300 3185 1381 3224 coenu

281 3245 482 3310 occubuerunt,
497 3265 552 3321 quo
566 3255 694 3322 tempore
715 3249 776 3322 ipse
796 3265 907 3322 quoque
928 3247 1059 3304 Salvator
1073 3266 1106 3304 uo
1121 3247 1262 3303 Dominus
1283 3254 1381 3304 noster

281 3326 456 3383 occumbebat
469 3346 525 3383 uno
539 3346 598 3384 cum
614 3331 677 3402 ipris
691 3329 840 3392 duodecim,
855 3330 902 3402 qui
915 3328 998 3384 etium
1012 3327 1204 3384 comedentibus
1225 3327 1280 3383 iiiie
1300 3328 1379 3391 dinit,

283 3407 369 3462 Arnen
383 3425 461 3464 amen
476 3409 536 3464 dico
550 3408 633 3472 uobis,
646 3408 718 3482 quod
731 3427 803 3464 nune
817 3416 936 3464 uestrum
957 3426 998 3463 rne
1016 3409 1114 3464 tradet.
1157 3405 1197 3462 Et
1219 3409 1283 3462 dum
1302 3409 1382 3463 vaide

283 3490 487 3552 contristantur,
502 3495 639 3561 coeperunt
652 3488 754 3561 singuli
770 3489 866 3552 dicere,
886 3488 1014 3560 Nunquid
1032 3505 1082 3560 ego
1095 3505 1162 3551 cunr,
1180 3485 1327 3543 Domine?
1347 3487 1381 3542 In

284 3566 385 3640 quibus
399 3576 460 3623 erat
472 3568 556 3624 etiam
565 3567 663 3632 iudan,
676 3567 722 3641 qui
738 3586 823 3640 quum
839 3568 931 3623 omnis
946 3567 1003 3623 doli
1018 3586 1050 3623 uc
1065 3565 1252 3623 simulationis
1266 3565 1381 3639 pienum

283 3663 317 3703 os
331 3646 486 3720 aperuisset
504 3647 650 3721 respondit
668 3665 701 3703 uc
722 3646 802 3712 dixit,
821 3648 952 3721 Nunquid
972 3665 1023 3720 ego
1041 3665 1100 3703 cum
1119 3645 1223 3701 robii?
1243 3646 1381 3702 Dolosum

284 3743 354 3801 ergo
381 3744 424 3789 os,
452 3746 509 3801 quo
535 3727 745 3784 insidiatoribus
773 3725 929 3783 Salvatoris
955 3727 1046 3783 nostri
1078 3726 1192 3800 signum
1226 3725 1382 3799 proposuit,

200 3827 204 3844 ’-
231 3843 238 3863 ‚
284 3805 389 3871 dicens,
403 3807 595 3881 Quemcunque
608 3810 745 3864 occulatur
750 3805 846 3880 fuero,
862 3809 919 3880 ipse
930 3813 979 3868 est,
989 3814 1076 3863 tenete
1089 3825 1158 3862 enm.
1191 3805 1277 3872 Quod
1292 3824 1379 3879 quum

149 3892 154 3904 '
286 3885 404 3942 dixisset
415 3887 510 3954 verbo,
522 3905 553 3944 re
563 3906 674 3962 quoque
688 3887 749 3960 ipsa
763 3886 859 3943 dolum
874 3887 1035 3960 complevit,
1046 3905 1102 3959 quo
1113 3884 1244 3940 videlicet
1254 3893 1383 3959 tempore

286 3983 368 4036 quum
383 3967 418 4020 od
430 3967 525 4024 Jeenm
539 3970 699 4030 occmeimet,
713 3967 782 4023 dicit
799 3970 832 4030 ci,
849 3967 932 4022 Soloe
946 3966 1025 4022 rabbi
1036 3987 1046 4019 :
1069 3973 1095 4021 et
1109 3965 1244 4021 osculatur
1258 3973 1298 4020 est
1312 3983 1382 4021 eum.

284 4044 363 4098 Jecur
383 4062 447 4101 uero
467 4048 504 4102 od
523 4047 601 4102 ilium
620 4049 696 4111 dixit,
717 4047 818 4111 Amice,
834 4047 871 4100 oei
888 4048 954 4119 qnid
974 4047 1096 4100 venuti?
1117 4044 1155 4100 Et
1174 4061 1281 4107 rursus,
1296 4045 1383 4110 Judn,

286 4123 377 4175 osculo
384 4123 478 4194 filium
492 4124 605 4180 hominis
620 4127 731 4182 tradit?
752 4125 862 4181 Harum
877 4143 947 4200 ergo
961 4143 1054 4180 rernm
1069 4142 1154 4180 causa
1167 4131 1248 4180 tanto
1268 4132 1334 4180 ante
1354 4124 1384 4179 in

287 4199 399 4253 Psalmo
413 4201 461 4261 ait,
478 4201 608 4261 Quoniam
630 4223 659 4258 ος
677 4207 826 4276 peccatorio
846 4213 872 4260 et
891 4223 920 4260 ος
933 4204 1022 4260 dolori
1034 4223 1115 4276 super
1128 4222 1170 4258 me
1190 4211 1315 4278 opertum
1336 4211 1384 4258 est.

289 4277 386 4329 Locuti
400 4285 464 4331 eunt
477 4287 570 4332 contra
585 4298 625 4333 me
641 4283 732 4353 tinqrm
748 4283 838 4337 doloso
860 4291 887 4336 et
907 4283 1071 4340 sermonibus
1091 4283 1144 4338 odii
1159 4285 1385 4338 circundederunt
