3120 4716
47 279 182 340 -440.
441 259 669 326 DEMONST.
693 259 865 325 EVANG.
889 261 955 324 IX.
973 260 1001 325 8.
1232 264 1297 330 sta

193 430 220 501 oi
239 418 421 529 προίιιτορες
441 421 529 528 ὁμοῖν
557 424 786 528 καλαμῖινται
812 426 915 527 ὁριιῖς,
938 432 997 504 καὶ
1024 433 1052 503 οἱ
1076 425 1318 508 detestatam

154 577 182 628 ¹5
195 547 384 655 κυριεύουσιν
402 547 502 650 ὑμῶν.
548 549 655 626 Ἀλλ’
676 548 772 627 οὗτοι
789 545 854 646 μὲν
873 553 906 627 οἱ
924 546 996 628 ἀπὸ
1013 552 1077 647 τῆς
1095 544 1296 642 Ζαβουλὼν

192 677 250 754 καὶ
269 677 486 780 Νεφθαλείμ
504 673 546 754 τὸ
564 674 657 776 με’γα
675 682 754 782 φῶς
766 677 967 773 τεθεαμένοι
986 674 1295 783 εὐφρανθήσονται

191 806 251 886 διὰ
279 807 325 886 τὰ
355 808 600 909 προειρημένα,
632 813 665 887 oi
697 807 735 888 δὲ
765 809 881 888 πάλαι
911 812 1140 910 ἀπαιτοῦντες
1169 806 1296 890 αὐτοὺς

192 932 504 1036 ἐκπραχθήσονται
536 933 639 1036 μέχρι
676 933 870 1036 κοδράντου
900 935 1067 1038 ἐσχάτου,
1099 933 1224 1014 πᾶσάν
1256 965 1295 1011 τε
1305 969 1336 1004 ιο

194 1056 334 1157 στολὴν
353 1061 410 1137 καὶ
435 1065 507 1138 πᾶν
530 1057 668 1156 ἱμάτιον
686 1061 921 1144 ἀποτίσαντες
937 1062 1173 1162 πυρίιιαυστοι
1191 1057 1325 1160 γενή-(ἰ

159 1187 323 1264 ιοσονται
350 1186 388 1262 ἐν
422 1189 473 1290 τῷ
502 1189 566 1283 τῆς
595 1184 797 1290 εἰιπράξεως
828 1192 948 1292 καιρῷ.
1011 1189 1083 1264 Καὶ
1111 1183 1224 1263 ταῦτά
1252 1218 1296 1285 γε

193 1308 313 1390 πάντα
323 1313 417 1414 φησὶ
426 1311 626 1406 πείσεσθαι,
639 1307 727 1389 διότι
740 1307 874 1391 παιδίον
886 1311 1024 1412 ἐγεννήθη
1037 1315 1120 1409 ἡμῖν,
1132 1312 1222 1396 Ρυιδς
1235 1319 1295 1390 καὶ

194 1430 281 1528 ἐδόθη
301 1432 385 1538 ἡμῖν,
404 1443 418 1514 ι’
438 1433 494 1527 τῆς
513 1435 672 1539 μεγάλοις
690 1435 817 1529 βουλῆς
836 1435 1001 1538 ι’ίγγελος.
1040 1438 1130 1516 Τίσι
1148 1434 1185 1515 δὲ
1201 1437 1295 1534 ἡμῖν,

194 1557 217 1658 ἢ
247 1567 320 1643 τοῖς
348 1565 396 1643 εἰς
426 1557 533 1638 αὐτὸν
560 1559 829 1657 πεπιστευκόσι,
858 1565 915 1641 καὶ
943 1561 1048 1666 noio-q
1081 1562 1220 1661 δηλαδὴ
1251 1566 1319 1665 τῇς

195 1688 376 1794 Γαλιλαίᾳ
394 1695 467 1767 τῶν
485 1691 606 1783 ἐθνῶν,
626 1685 677 1771 οἷς
694 1685 738 1766 τὸ
760 1688 852 1789 με’γα
873 1695 951 1793 φῶς
975 1690 1216 1784 ἀνατεταλκε;
1248 1686 1301 1766 Τί

195 1811 253 1892 (ἰδὲ
281 1811 326 1911 ἦν
355 1821 470 1909 τοῦτο,
500 1815 583 1891 ἀλλ’
609 1808 633 1910 ἢ
662 1810 704 1892 τὸ
732 1813 986 1914 γεγεννημένον
1013 1815 1164 1909 παιδίον,
1191 1814 1250 1893 καὶ
1277 1811 1297 1888 ὃ

196 1937 295 2039 παρὰ
321 1947 386 2017 τοῦ
415 1942 510 2017 Θεοῦ
537 1939 651 2021 δοθεὶς
680 1937 762 2033 υἱὸς,
781 1939 942 2040 μεγάλης
966 1943 1102 2038 βουλῆς
1129 1939 1298 2040 ἅγγελος,

199 2067 258 2140 καὶ
283 2062 404 2166 ἅρχων
429 2062 577 2164 εἰρήνης,
594 2065 652 2141 καὶ
676 2062 924 2169 ἐξουσιαστὴς,
944 2067 1001 2143 καὶ
1025 2064 1118 2147 Θεὸς
1140 2060 1340 2167 ἲσχυρὸςμο

199 2194 258 2268 καὶ
280 2186 400 2290 πατὴρ
417 2196 481 2266 τοῦ
499 2187 700 2285 μέλλοντος
722 2195 846 2271 αἰῶνος
868 2190 1143 2288 ὠνομασμένυςς
1174 2195 1300 2269 Ταῦτα

198 2313 236 2393 δὲ
255 2313 323 2413 ἤδη
344 2311 551 2419 φθάσαντες
570 2316 626 2394 ἐπὶ
654 2311 764 2411 μόνον
792 2315 1034 2419 ἀναφέρεσθαι
1059 2314 1123 2394 τὸν
1149 2318 1301 2415 Σωτῆρα

199 2443 259 2518 καὶ
291 2437 424 2541 Κύριον
454 2440 553 2537 ἡμῶν
583 2438 674 2518 κατὰ
698 2438 761 2519 τὸν
790 2446 916 2519 οἰκεῖον
943 2439 1065 2542 καιρὸν
1093 2440 1301 2542 προαπεδεί-

200 2568 324 2671 ξαμεν.

263 2743 334 2796 Pani
347 2741 414 2814 vida]
432 2743 472 2797 aui
487 2759 541 2797 om.
556 2743 588 2796 P.
604 2744 657 2798 vide
671 2743 712 2797 ani
726 2743 755 2798 S.
846 2741 921 2816 ΙἿδὴ]
939 2743 1238 2798 de'P.etinfrnv.12.

203 2885 328 2959 Populus
347 2903 430 2952 mene,
448 2893 588 2944 coactores
609 2891 692 2944 vestri
713 2890 802 2961 opicae
824 2896 930 2944 oestron
950 2888 1090 2962 colliqueret,
1108 2892 1135 2942 et
1155 2894 1302 2960 repetentes
1342 2895 1450 2944 hou·

201 2967 377 3022 dominentur
390 2967 473 3022 vobio.
515 2965 622 3023 Verum
637 2967 667 3023 hi
681 2967 794 3042 quidem
809 2986 826 3023 a
844 2968 973 3024 Zabulon
990 2976 1020 3023 et
1033 2966 1065 3023 N
1067 2966 1222 3041 ephthulim
1244 2967 1300 3023 ori·

200 3045 279 3108 undi,
295 3045 342 3120 qui
355 3045 457 3121 ingens
471 3046 566 3104 lumen
580 3047 675 3103 intuiti
689 3058 765 3113 sunt,
779 3048 951 3105 loetabuntur
964 3055 1079 3122 propter
1093 3046 1140 3104 illa
1160 3065 1222 3120 quae
1240 3047 1301 3120 jam

201 3133 285 3182 antea
298 3125 373 3182 dieta
388 3135 463 3190 nunt,
480 3127 527 3200 qui
541 3145 609 3183 vero
623 3128 658 3183 ab
677 3127 745 3201 ipsis
766 3129 941 3202 repetebant,
958 3128 993 3184 ab
1007 3127 1041 3184 iia
1055 3135 1199 3201 repetetur
1212 3145 1301 3200 usque
1344 3140 1420 3181 οοιιιο.
1429 3147 1448 3189 ς,

201 3205 238 3261 'ad
253 3205 380 3261 ultimum
397 3207 590 3280 quadrantem,
601 3207 741 3281 iidemque
756 3207 803 3263 ubi
818 3227 929 3264 omnem
941 3217 1050 3264 vestem
1065 3225 1204 3281 omneque
1214 3207 1300 3263 veeti-
1343 3191 1376 3232 ²⁶·

202 3293 330 3341 mentum
345 3286 539 3359 persolverint,
554 3287 621 3361 igne
636 3286 776 3343 combusti
790 3288 859 3343 fient
873 3289 902 3342 in
916 3288 978 3361 ipso
993 3287 1148 3343 exactionis
1162 3295 1300 3360 tempore,

202 3365 352 3439 omniaque
366 3365 428 3421 haee
441 3383 574 3440 passuros
589 3366 638 3430 ait,
653 3375 803 3440 propterea
824 3368 896 3439 quod
914 3368 1046 3440 ριιιιοιὶιιυ
1066 3374 1146 3422 natue
1165 3373 1204 3421 eat
1218 3366 1302 3430 ιιοόὶο,
1341 3371 1342 3374 ’

202 3452 229 3500 et
243 3445 322 3518 filiun
336 3447 416 3501 datan
429 3454 469 3501 eat
485 3445 569 3510 nobie,
583 3447 639 3519 ipse
658 3447 752 3518 magni
773 3445 876 3501 consilii
897 3447 1017 3518 angelus.
1059 3446 1100 3500 At
1113 3463 1180 3501 vero
1202 3445 1303 3516 quibua

202 3523 317 3580 tandem
333 3524 423 3591 nobis,
438 3525 492 3581 nisi
507 3525 555 3599 qui
569 3525 597 3580 iu
612 3524 704 3599 ipsum
715 3524 895 3591 credidimus,
908 3533 937 3581 et
948 3525 1026 3581 omni
1036 3523 1166 3580 videlieet
1177 3523 1303 3580 Galilaeae

203 3604 343 3676 gentium,
359 3605 459 3678 quibua
473 3623 609 3678 magnum
631 3605 726 3661 lumen
748 3613 842 3661 ortum
863 3607 927 3661 eat?
955 3603 1013 3661 Sed
1034 3604 1176 3678 quodnam
1197 3621 1302 3677 quaeeo,

202 3682 257 3738 nisi
282 3684 342 3758 ipse
365 3691 448 3741 uatus
469 3685 612 3760 puerulus,
635 3693 664 3742 et
685 3686 731 3759 qui
753 3681 951 3742 aDeo'datns
972 3694 1016 3741 eet
1034 3683 1117 3750 filius,
1138 3683 1185 3757 qui
1206 3683 1306 3757 magni

204 3763 313 3818 consilii
334 3765 462 3839 angelus,
484 3773 514 3821 et
536 3765 666 3838 princepe
688 3765 773 3842 pacis,
793 3774 822 3822 et
839 3766 888 3840 jus
909 3764 1119 3840 potentiamque
1139 3763 1257 3826 habena,
1275 3771 1304 3820 et

204 3842 284 3898 Deua
297 3843 388 3908 fortis,
405 3853 435 3900 et
448 3853 528 3917 pater
546 3844 633 3901 futuri
655 3846 749 3902 aaeouli
770 3846 933 3902 nominatus
954 3844 1019 3902 eat?
1040 3842 1147 3899 Verum
1162 3842 1223 3900 haec
1242 3843 1304 3918 ipen

200 3923 260 3996 jam
275 3931 359 3979 antea
373 3924 410 3979 ad
423 3942 510 3980 unum
525 3923 672 3981 referende
686 3944 747 3983 esee
762 3925 939 3982 salvatorem
951 3923 1159 3997 Dominumque
1173 3933 1302 3981 nostrum

204 4021 256 4059 auo
271 4011 399 4077 tempore
413 4004 678 4062 demonstravimus.
