3144 4720
284 240 349 305 aaa
732 239 918 305 nnsnnn
1361 255 1496 322 ran-

282 408 463 510 Ἑβραίων
487 407 665 508 Ἰώσηπος
698 411 756 488 καὶ
787 409 905 488 ἀλλον
938 410 1056 509 τριετῆ
1085 404 1217 510 χρόνον
1243 411 1293 488 εἷς
1318 403 1384 505 τὴν

283 539 357 621 τῶν
374 531 506 638 ἔξωθεν
522 540 596 613 τῶν
613 536 707 639 ἀμφὶ
724 531 789 614 τδν
807 532 893 613 ναῦν
911 530 1266 632 κατασκευασμάτων
1283 565 1377 632 συμ-
1392 569 1419 604 ιο

283 657 475 762 πλήρωσιν
503 659 670 764 0ἔφησεν,
697 656 783 738 ὥστ’
809 656 949 743 είκάτως
977 657 1036 738 διὰ
1063 666 1176 738 ταῦτα
1202 656 1267 739 τὰς
1295 654 1383 736 ἑπτά

283 783 429 886 πρώτας
446 783 647 882 ἑβδομάδας
665 790 713 867 εἰς
731 783 793 884 ἔτη
811 785 910 864 ε’ννέα
928 787 986 864 καὶ
1003 781 1279 886 τεσσαράκοντα
1296 816 1381 862 συν-

284 909 469 993 τεινούσας
494 911 702 1012 ἀφωρίσθαι
729 907 821 989 κατά
843 908 907 988 τὸν
931 914 994 1007 τῆς
1018 911 1236 1016 προφητείας
1262 906 1379 1010 λόγον,

284 1033 348 1118 τὰς
366 1035 403 1115 δὲ
423 1033 553 1118 λοιπὰς
566 1034 802 1141 ἑξηκονταδύο
819 1033 892 1114 ἀπὸ
910 1039 974 1133 τῆς
988 1037 1142 1138 Δαρείου
1159 1041 1380 1137 καταριθμεῖ·
1391 1076 1415 1125 15

283 1165 373 1240 σθαι
396 1161 587 1255 βασιλείας
613 1161 815 1258 συμβαίνει,
834 1162 915 1240 καθ’
937 1158 979 1241 ῦν
1003 1161 1103 1244 αὖθις
1121 1163 1263 1260 Ἰησοῦς
1281 1161 1301 1238 ὁ
1322 1167 1382 1239 τοῦ

283 1285 449 1366 Ἰωσεδὲκ
481 1288 540 1366 καὶ
570 1285 785 1388 Ζοροβάβελ
817 1289 837 1366 ὁ
870 1295 934 1366 τοῦ
962 1286 1152 1385 Σαλαθιὴλ
1180 1291 1229 1370 εἲς
1254 1289 1382 1365 ι’ἐκεῖνο

283 1410 349 1509 τὴν
376 1409 468 1512 ζωὴν
494 1413 776 1513 παρατείναντες,
802 1412 914 1517 ἀμφω
944 1413 1203 1514 δπρυίστησαν
1230 1415 1293 1508 τῆς
1320 1417 1479 1506 ταῦρ393

285 1543 379 1641 ἱεροῦ
398 1537 634 1634 ἀνανεώσεως,
652 1537 951 1643 προφητευόντων
967 1539 1144 1639 Ἀγγαίου
1170 1540 1229 1616 καὶ
1257 1542 1377 1640 Ζαχα·

283 1665 372 1765 ρίου,
389 1665 470 1763 μεθ’
491 1663 551 1747 οῦς
569 1661 714 1767 Ἔσρας
741 1666 800 1742 καὶ
827 1666 1010 1762 ’Νεεμίαα
1036 1665 1164 1761 ὁμοίως
1189 1666 1229 1743 ἐκ
1257 1667 1377 1757 Βαβυ·

283 1796 399 1873 λῦνος
429 1786 649 1884 ἀνελθόντες,
676 1787 719 1866 τῦ
748 1794 864 1893 τεῖχος
894 1789 1076 1888 ε’δείμαντο
1104 1793 1148 1893 τῇ
1175 1787 1292 1885 πόλει,
1319 1786 1401 1886 τὴνε

283 1914 551 2020 ἀρχιερωσύνην
576 1916 757 1997 διεποντος
776 1916 1014 2012 ’Ἰωακείμου
1043 1912 1189 1999 παῖςδὲ
1215 1914 1318 1997 οὗτος
1340 1909 1382 2011 ἦν

281 2042 405 2139 Ἰησοῦ
434 2048 497 2120 τοῦ
524 2041 700 2138 Ἰωσεδὲκ,
717 2044 800 2138 μεθ’
821 2039 863 2120 ὃν
890 2041 1088 2145 διαδέχεται
1115 2038 1181 2138 τὴν
1211 2043 1378 2143 ἀρχιερω-

281 2165 397 2267 σύνην
425 2169 679 2263 Ἐλιασοῦβος,
709 2166 831 2246 ἔπειτα
861 2165 993 2263 Ἰωδαὲ,
1021 2166 1101 2267 μεθ’
1136 2164 1178 2246 ὃν
1204 2165 1382 2264 Ἰωνάθης,

244 2327 277 2379 ⁶⁶
283 2293 365 2390 μεθ’
381 2292 423 2372 δν
437 2292 620 2376 *Ἰαδδοῦς
653 2290 803 2372 Τούτων
816 2292 989 2391 μέμνηται
1006 2294 1065 2372 καὶ
1083 2289 1244 2394 ἡἜσρα
1258 2287 1376 2396 γραφ“
1391 2329 1418 2363 ιο

282 2419 454 2518 λέγουσα,
479 2426 538 2498 καὶ
557 2421 681 2512 Ἰησοῦς
710 2417 853 2520 ἱγένοησι
881 2417 931 2498 τὶν
948 2423 1122 2524 Ἰωακῦμ,
1145 2426 1204 2499 καὶ
1224 2423 1409 2520 Ἰωακεὶμδ

283 2542 428 2646 ι’γέννησε
446 2546 498 2625 τὶν
516 2548 718 2637 “Ἐλιἀτίβ,
740 2554 799 2625 καὶ
819 2547 1009 2639 “Ἐλιατὶβ
1027 2544 1171 2646 ε’·γένιησι
1189 2544 1241 2623 τὶν
1254 2539 1379 2632 Ἰωδαὲ,

286 2679 345 2750 καὶ
365 2665 481 2751 'Iudai
499 2669 640 2772 ἐγέννησε
659 2673 711 2750 τὶν
730 2669 895 2760 Ἰωνάθοιι,
918 2677 976 2750 καὶ
996 2669 1148 2750 Ἰωνάθοον
1167 2668 1310 2772 ε’γένιησε
1332 2668 1381 2748 τὶν

245 2792 425 2882 aldid.
473 2795 578 2877 Κατά
596 2803 722 2876 τοῦτον
741 2792 804 2876 τὸν
821 2797 960 2875 ’Ἰαδδοῦ
977 2798 998 2875 ὁ
1018 2793 1196 2876 Μακεδὼν
1209 2795 1402 2901 Ἀλέξου-5

327 2969 342 3001 ⁰
354 2962 455 3032 ἔφησεν
468 2979 522 3016 om.
538 2961 569 3016 P.
723 2969 739 3014 Ρ
754 2958 862 3030 ἐκεῖνον]
879 2959 960 3014 ε’κεῑνσ
975 2959 1006 3018 Ρ.
1163 2959 1340 3032 (Ιπροέτησαν
1353 2959 1380 3014 S.

286 3039 415 3111 ’νεαμίας
429 3041 458 3096 S.
542 3041 727 3109 ιίακείμουβ.
810 3037 929 3096 ιιὶδδοῦς
944 3040 974 3094 Ρ.
1058 3040 1209 3106 ιιΙλιασεὶβ
1223 3039 1256 3095 Ρ.

124 3191 173 3232 νη,
183 3191 236 3232 Μ,
286 3169 380 3225 braun
393 3167 464 3224 alios
477 3175 536 3225 tres
550 3186 640 3226 annoa
653 3169 785 3245 adjungit
806 3168 842 3225 ad
863 3187 897 3226 aa
917 3187 979 3243 quaa
994 3168 1102 3242 templo
1116 3168 1292 3226 extrinsecae
1306 3185 1381 3225 aene·

124 3241 165 3283 ²¹¹·
173 3253 193 3292 ⁴·
202 3251 218 3292 ⁷·
287 3249 359 3306 dunt
380 3257 548 3306 ornamenta
574 3249 754 3314 absolvenda,
778 3258 809 3305 ut
836 3259 987 3324 propterea
1013 3250 1114 3307 merito
1142 3255 1251 3324 neptem
1280 3249 1382 3325 primae

286 3329 488 3396 hebdomadae.
503 3349 564 3404 quaa
583 3348 722 3387 summam
744 3329 931 3404 quadraginta
951 3347 1054 3386 novem
1069 3347 1208 3386 annorum
1222 3329 1381 3396 conficiunt,

286 3429 303 3466 a
324 3411 433 3469 caeteris
458 3411 601 3466 oraculum
625 3409 823 3485 propheticum
844 3409 1025 3484 separaverit,
1046 3417 1076 3466 et
1096 3409 1218 3484 reliquas
1238 3409 1383 3484 sexaginta

286 3491 357 3548 dnae
370 3509 388 3548 a
402 3490 482 3548 Darii
496 3509 586 3566 regno
600 3509 749 3548 numerare
763 3489 929 3564 contingat:
945 3489 998 3547 aab
1013 3507 1070 3564 qno
1084 3507 1196 3546 rursum
1209 3489 1294 3547 Jeane
1312 3488 1382 3546 filius

285 3571 407 3628 Joeedec
432 3579 462 3628 et
482 3571 641 3628 Zorobabel
662 3570 736 3627 filiun
757 3569 903 3635 Salathiel,
926 3588 1012 3644 quum
1033 3569 1125 3626 adhuc
1146 3570 1283 3634 viverent,
1301 3569 1381 3626 ambo

286 3651 489 3708 instauratione
503 3651 602 3724 templi
623 3651 804 3725 praefuerunt,
819 3651 976 3724 prophetia
997 3668 1100 3705 munus
1120 3651 1234 3707 interim
1250 3667 1381 3708 exercen-

172 3752 206 3791 ·¹‚
218 3753 235 3782 ι·
287 3731 363 3787 tibus
377 3733 489 3807 Aggaeo
503 3739 532 3789 et
546 3731 692 3798 Zacharia,
707 3739 773 3805 post
788 3748 858 3803 quoe
875 3729 984 3787 Esdraa
998 3739 1027 3786 et
1041 3729 1177 3786 Neemiae
1190 3731 1226 3786 de
1238 3730 1382 3806 Babylone

286 3809 385 3868 itidem
403 3812 510 3869 reversi
529 3830 641 3868 murum
662 3810 908 3868 circumdederunt
928 3811 1042 3867 civitati.
1083 3809 1164 3866 Tunc
1178 3819 1273 3867 autem
1291 3807 1383 3884 ponti·

287 3891 402 3949 ficatum
416 3891 630 3949 administrabat
642 3891 661 3948 J
663 3891 763 3955 oacim,
777 3890 825 3965 qni
837 3890 908 3947 Jeaa
919 3891 968 3947 filii
981 3890 1103 3947 Joaedec
1117 3891 1191 3947 filius
1205 3891 1307 3954 inerat.
1321 3895 1384 3964 post

288 3989 371 4044 quern
393 3972 528 4028 eneceaait
543 3972 658 4028 Eliaaib.
701 3971 812 4028 Deinde
825 3969 928 4036 Judae,
943 3989 1027 4045 quem
1045 3979 1158 4028 aeeutne
1178 3979 1224 4028 eet
1236 3971 1382 4032 Jonathae,

286 4049 364 4104 hunc
385 4051 496 4122 excepit
517 4052 626 4108 Addua.
670 4052 782 4108 Horum
803 4051 890 4108 etiarn
914 4051 989 4126 apud
1010 4051 1131 4108 Esdram
1153 4052 1186 4108 fit
1210 4052 1318 4108 mentio
1341 4049 1383 4105 his

146 4156 197 4186 οοιιι.
210 4155 238 4193 ιι,
287 4125 390 4192 verbis,
409 4129 445 4182 Et
466 4129 546 4185 ,Ιοιια
564 4133 657 4202 genai!
676 4132 791 4195 Joacim,
813 4138 840 4188 et
858 4133 966 4187 Joacim
983 4135 1076 4207 ρεαυὶἱ
1100 4131 1214 4198 ΕΙίαςίδ,
1235 4139 1261 4188 e!
1275 4129 1384 4188 Elaea

286 4207 383 4275 gennit
399 4204 499 4267 Jodae,
518 4215 545 4263 et
561 4210 647 4264 Joda'e
664 4213 760 4283 ρεπυίς
779 4209 929 4275 Jonataan,
950 4219 977 4266 et
997 4211 1136 4268 Ιοπαιλαα
1154 4214 1249 4287 ριααίς
1268 4211 1381 4268 Jadda:

289 4292 416 4356 tempore
437 4291 531 4340 autern
553 4287 637 4360 huJua
657 4287 751 4344 Jaddu
771 4288 933 4346 Alexander
951 4289 1075 4348 Macedo
1094 4290 1297 4348 Alexandriam
1318 4307 1383 4347 coa·
