3132 4714
55 273 190 340 -322.
445 256 673 322 DEMONST.
698 257 868 322 EVANG.
893 258 971 323 VII.
992 279 1018 322 1.
1235 259 1299 324 648

200 415 319 497 ‘'Arri
352 417 389 498 δὲ
417 428 481 499 τοῦ
514 421 693 512 βασιλέως
722 423 912 529 Ἀσσυρίων,
940 421 960 498 ὁ
987 417 1053 518 μέν
1075 419 1243 515 Ἀκύλας,
1271 421 1301 499 ἑν

200 547 374 654 βασιλεία
390 549 577 648 Ἀσσυρίων,
598 547 617 625 ὁ
643 544 681 623 δέ
700 548 901 625 Θεοδοτίων
926 549 956 626 ἑν
978 555 1025 653 τῷ
1046 547 1194 638 βασιλεῖ
1219 552 1301 624 Ἀσ-

200 673 313 777 σορίωυ
331 671 530 769 ἐκδέδωκεν,
549 673 678 771 ὁμοίως
702 671 739 752 δὲ
764 675 823 751 καὶ
844 671 1050 775 Σύμμαχος·
1082 669 1199 778 σαφὲς
1222 705 1302 751 ποι-
1313 717 1342 753 ιο

202 807 322 880 οῦντες
356 799 410 878 ὅτι
437 797 489 899 μὴ
517 807 581 879 τοῦ
609 798 792 892 βασιλέως
815 800 1026 901 Ἀσσυρίων
1050 796 1116 898 τὴν
1139 796 1303 905 κεφαλὴν

204 923 375 1030 ξυρήσειν
393 928 414 1004 ὁ
432 924 544 1027 λόγος
561 928 708 1022 ἀπειλεῖ,
724 927 808 1004 ἀλλ’
823 929 861 1004 ἐν
878 933 930 1033 τῷ
947 927 1055 1006 αὑτοῦ
1074 925 1171 1032 ξυρῷ
1188 928 1247 1003 καὶ
1265 925 1327 1004 ε’νο

204 1054 302 1157 αι’πῷ
325 1087 364 1132 σε
388 1058 441 1160 τῷ
458 1060 611 1146 βασιλεῖ
624 1059 697 1132 τῶν
713 1054 924 1155 Ἀσσυρίων
942 1050 988 1131 τὰ
1008 1051 1303 1157 προφητευὸμενα

162 1192 195 1243 ⁶⁸
206 1178 389 1279 διαθήσειν
406 1179 449 1259 τὸ
465 1181 646 1260 Ἰουδαίων
664 1179 774 1263 ἔθνος.
831 1177 981 1262 Τούτοις
999 1178 1061 1256 οὖν
1080 1179 1138 1257 καὶ
1156 1179 1178 1276 ἡ
1197 1178 1304 1272 ἔκβα-

205 1337 266 1387 σις
290 1307 520 1409 ἐπιμαρτυρεῖ
538 1313 611 1386 τῶν
634 1305 767 1407 λόγων.
826 1306 911 1384 Ἐπὶ
935 1307 1076 1409 σχολῆς
1101 1305 1144 1382 δέ
1165 1337 1218 1387 τις
1245 1307 1327 1394 καὶ5

204 1439 365 1510 πλεῖστα
389 1433 491 1537 ἕτερα
516 1431 640 1536 ὥσπερ
663 1439 709 1516 εὶς
728 1433 939 1534 Ἀσσυρίων
957 1429 1155 1533 πρόσωπον
1173 1433 1211 1509 έν
1228 1438 1305 1512 ταῖς

206 1560 436 1663 προφητείαις
454 1559 618 1662 εἰρημένα
635 1561 729 1663 εὕροι
751 1557 795 1637 ἂν
814 1556 1042 1661 ἐπιτηρήσας,
1061 1558 1222 1654 οὐδαμῶς
1239 1557 1305 1656 μέν

204 1689 280 1765 τοῖς
291 1685 504 1788 Ἀσσυρίοις
521 1684 726 1790 ἐφαρμόσαι
745 1683 991 1788 δυνάμενατῇ
1009 1683 1046 1764 δὲ
1064 1683 1306 1788 ἐπικρατούση

163 1806 365 1890 6υκαθιίλου
401 1816 473 1889 τῶν
509 1810 600 1891 κατὰ
636 1810 786 1916 χρόνους
823 1813 934 1890 ε’θνῶν
965 1810 1149 1917 βασιλείᾳ.
1202 1806 1306 1907 Ἤδη

206 1943 295 2036 γοῦν
322 1938 381 2015 καὶ
411 1938 558 2040 Πέρσας
588 1940 734 2041 εὕρομεν
760 1936 859 2040 παρὰ
880 1938 1063 2039 Ἑβραίοις
1086 1937 1306 2038 Ἀσσυρίους
1316 1986 1346 2022 ιο

208 2053 495 2160 ὠνομασμένους·
530 2063 584 2143 διὸ
621 2068 680 2143 καὶ
716 2072 780 2144 νῦν
812 2062 1059 2170 ὑπειλήφαμεν
1089 2065 1337 2147 αἶνίττεσθαιδ

207 2183 271 2265 τὸν
295 2189 408 2289 λόγου
432 2188 497 2289 τὴν
514 2191 700 2288 Ῥωμαίων
724 2189 850 2294 ἀρχήν.
910 2187 1210 2270 Κατευθιίνουσαν
1236 2188 1307 2292 γὰρ

208 2318 266 2392 καὶ
296 2316 595 2418 κατευθυνομένην
623 2316 692 2397 ὑπὸ
721 2326 786 2397 τοῦ
804 2323 900 2398 Θεοῦ
928 2315 1018 2415 μετὰ
1047 2315 1114 2416 τὴν
1142 2320 1309 2419 Σωτῆρος

167 2471 201 2522 70
210 2437 311 2537 ἡμων
342 2443 543 2544 παρουσίαν
576 2444 723 2543 ὁρῶμεν.
787 2447 923 2543 Μηδεὶς
955 2443 992 2523 δὲ
1025 2441 1309 2541 ὑπολαμβανέτω

209 2563 328 2644 πάντα
356 2569 449 2666 ἡμᾶς
479 2569 599 2669 λέγειν
626 2568 672 2649 τὰ
701 2571 782 2671 περὶ
798 2569 1010 2671 Ἀσσυρίων
1034 2571 1072 2646 έν
1096 2575 1173 2652 ταῖς
1201 2569 1332 2662 θείαις5

209 2690 390 2795 φερόμενα
421 2701 577 2801 γραφαῖς
609 2697 666 2775 ἐπὶ
698 2695 896 2792 Ῥωμαίους
927 2692 1137 2795 ἀνάγεσθαι·
1169 2695 1310 2791 ἠλίθιον

211 2814 281 2920 γὰρ
311 2824 370 2899 καὶ
399 2821 537 2905 ἀναιδὲς
563 2830 678 2901 τοῦτο·
708 2820 810 2900 ἀλλά
840 2854 938 2904 τινας
969 2817 1057 2898 εἶναι
1086 2816 1311 2923 προφητικᾶς

519 2969 681 3028 r'Arri-ir
693 2976 721 3038 β.
735 2975 884 3046 Ἀσσυρίων
897 2991 952 3030 om.
968 2975 997 3029 S.

212 3093 417 3149 Romanorum.
460 3091 519 3150 Sed
543 3112 595 3168 pro
617 3113 680 3169 τερα
699 3095 885 3168 Assyriorum,
909 3095 1013 3170 Aquila
1037 3094 1150 3169 quidem
1175 3095 1203 3150 iu
1228 3113 1311 3168 reguo

214 3172 399 3246 Assyriorum,
413 3171 595 3231 'l'heodotion
609 3183 704 3231 antem
717 3177 745 3230 iu
758 3194 820 3250 repe
836 3176 1008 3249 Assyriorum
1023 3177 1172 3240 convertit,
1187 3175 1311 3250 itemque

213 3251 420 3328 Symmachus:
443 3253 617 3329 quiquidem
633 3255 672 3311 sic
687 3255 850 3320 ostendunt,
865 3257 941 3330 quod
957 3274 1015 3312 non
1034 3256 1111 3330 regis
1125 3253 1311 3331 Assyriorum

212 3342 297 3407 eaput
310 3333 503 3390 abradendum
524 3353 587 3392 esse
608 3333 730 3392 minetur
744 3336 897 3401 oraculum,
912 3336 963 3392 sed
983 3335 1060 3409 regis
1081 3335 1142 3408 ejus
1162 3335 1310 3402 novacula,

212 3423 295 3488 atque
317 3414 347 3469 in
368 3432 403 3470 eo
424 3413 484 3488 ipso
505 3433 574 3491 rege
588 3415 780 3490 Assyriorum,
795 3415 829 3471 iis
847 3434 909 3489 quse
930 3415 959 3471 in
978 3414 1031 3470 hae
1052 3415 1200 3488 prophetia
1220 3413 1312 3471 couti-

211 3503 316 3550 nentur
329 3494 506 3551 afficiendam
522 3515 584 3552 esse
597 3494 745 3552 ⁴Iudaicum
766 3502 892 3569 gentem.
934 3495 1005 3550 Hae
1026 3501 1119 3550 autem
1142 3493 1228 3549 etiam
1249 3493 1312 3566 ipso

212 3583 317 3632 eventu
338 3575 566 3649 comprobantur.
608 3576 662 3632 Per
680 3577 769 3632 otium
784 3593 853 3632 vero
874 3575 1063 3648 unusquisque
1084 3573 1139 3629 alia
1156 3573 1310 3646 complure,

212 3654 237 3710 si
251 3655 450 3720 observaverit,
466 3657 540 3730 apud
553 3655 708 3731 prophetas
718 3655 843 3713 inveniet
857 3655 936 3730 quusi
950 3655 984 3711 de
998 3653 1311 3728 personaAasyriorum

212 3735 297 3800 dieta,
322 3753 385 3809 quse
405 3735 483 3792 nullo
505 3737 591 3794 modo
613 3735 821 3793 accommodari
844 3735 969 3809 Assyriis
993 3741 1121 3809 possunt,
1146 3733 1198 3791 sed
1221 3750 1311 3807 regno

213 3816 290 3890 qnod
313 3833 364 3888 per
385 3816 498 3890 singula
517 3825 647 3892 tempora
670 3817 808 3874 universis
831 3815 964 3891 gentibus
986 3813 1156 3872 dominetur.
1198 3812 1312 3870 Etenim

210 3896 270 3970 jam
285 3896 372 3952 etiam
386 3896 486 3954 Persas
499 3897 574 3972 apud
590 3897 728 3954 Hebraeas
742 3897 900 3954 invenimus
917 3895 1047 3972 Assyrios
1061 3894 1208 3952 nominari.
1231 3893 1311 3964 Quo·

214 3975 289 4032 cirea
309 3994 385 4032 nunc
401 3996 512 4051 quoque
532 3977 693 4053 putavimus
712 3977 900 4052 principatum
914 3977 1108 4033 Romanorum
1126 3977 1181 4032 hoc
1199 3974 1313 4032 oraculo
1388 4045 1396 4050 ι

215 4055 379 4131 significari.
422 4057 587 4114 Gubernare
612 4058 687 4114 enim
712 4058 804 4132 ipsum
829 4057 913 4122 hune,
931 4065 961 4114 et
981 4056 1102 4114 eundem
1123 4055 1277 4131 gubernari
1297 4073 1315 4110 ιι

215 4135 289 4201 Deo,
305 4144 371 4210 post
386 4134 541 4195 Salvatoris
554 4139 645 4195 nostri
658 4138 811 4195 adventum
827 4137 977 4194 ceruimus.
1002 4135 1098 4194 Nemo
1112 4144 1207 4194 tamen
1223 4134 1313 4208 suspi-

214 4224 294 4273 cetur
323 4217 419 4273 omnia
446 4218 623 4284 medicem,
647 4236 820 4293 quacunque
848 4218 877 4274 iu
903 4217 1004 4274 divinis
1027 4216 1107 4273 libris
1131 4217 1166 4272 de
1190 4213 1315 4288 Assyriis

215 4295 359 4371 leguntur,
371 4297 407 4354 ad
422 4297 567 4356 Romanos
581 4317 643 4356 esse
657 4299 814 4357 reserenda.
857 4297 978 4356 Futuum
993 4297 1068 4355 enim
1082 4296 1112 4352 id
1125 4303 1210 4368 atque
1224 4295 1314 4366 impu-

774 4411 824 4449 Η
