3144 4720
260 268 327 330 824
711 263 897 330 EUSEBII
1339 281 1373 344 p.
1383 278 1511 344 413—

260 432 384 512 αύτούς,
401 434 513 528 κρίνων
533 434 631 502 σώσει
653 432 778 516 αύτούς,
795 434 846 502 καί
871 428 1020 522 γνωστὸς
1035 431 1132 501 ἔσται
1151 430 1273 525 Κύριος
1289 439 1362 506 τοῖς

259 546 472 638 Αἰγυπτίοις,
489 547 541 617 καί
565 549 751 637 γνώσονται
779 549 811 616 οἱ
835 547 1021 638 Αἰγύπτιοι
1045 545 1170 642 Κύριον
1192 543 1253 616 τὸν
1275 543 1384 616 Ocius

742 655 759 704 d

258 661 292 730 ἐν
319 667 362 754 τῇ
390 661 492 757 ἡμέρα
523 661 632 754 ἐκείνη,
659 661 711 730 καί
767 664 943 742 ποιήσουσι
975 661 1097 743 θυσίας,
1127 661 1180 730 καὶ
1210 659 1359 752 εὔξονται

259 773 354 871 εύχδς
371 781 420 865 τῷ
437 776 557 871 Κυρίῳ,
575 777 627 847 καί
645 773 867 846 ἆποδώσουσι.

236 931 250 978 3
317 908 389 984 Καὶ
420 913 532 984 ταῦτα
559 904 805 1008 προλαβόντες
837 908 876 983 ἐκ
907 903 1034 1006 μέρους
1066 902 1355 1008 διεσαφῆσαμεν.

259 1036 304 1110 Ei
328 1030 393 1130 μέν
416 1032 478 1110 οὖν
503 1031 553 1130 μὴ
580 1031 662 1116 τοὺς
687 1030 874 1139 πατρῴους
893 1029 993 1116 θεοὺς
1012 1031 1266 1113 καταλιπόντες
1285 1036 1354 1109 Αἱ·
1559 1071 1569 1116 ς

257 1157 399 1256 γύπτιοι
427 1160 509 1237 καθ’
529 1159 619 1256 ἡμᾶς
647 1157 773 1241 αύτούς
799 1160 950 1259 ὁρῶνται
974 1157 1037 1237 τὸν
1061 1163 1133 1235 τών
1158 1163 1357 1260 προφητῶν
1368 1189 1400 1223 ¹0

258 1280 352 1362 Θεὸν
381 1282 658 1380 ἐπικαλούμενοι,
692 1287 721 1362 εἰ
756 1280 807 1382 μὴ
840 1284 922 1361 καθ’
953 1281 1041 1380 ὅλης
1073 1285 1137 1380 τῆς
1169 1280 1357 1380 Αἰγύπτου

257 1404 349 1485 κατὰ
374 1407 494 1488 πάντα
520 1405 631 1488 τύπον
657 1411 716 1487 καὶ
747 1408 857 1488 πόλιν
885 1411 943 1487 καὶ
971 1407 1093 1510 χώραν
1121 1404 1356 1508 ἀνεγήγερται

257 1533 514 1636 θυσιαστήριον
538 1540 589 1638 τῷ
614 1532 713 1636 παρὰ
736 1533 857 1632 μόνοις
877 1535 1060 1636 Ἑβραίοις
1087 1531 1355 1638 θεολογουμένῳ

256 1661 349 1762 Θεῷ,
377 1664 406 1738 ei
435 1657 484 1757 μὴ
513 1659 701 1739 σε’σεισται
730 1658 776 1739 τὰ
807 1660 1033 1762 χειροποίητα
1067 1656 1261 1758 Αἰγύπτου,
1289 1663 1476 1756 stirp-414

253 1789 334 1884 περὶ
362 1783 451 1863 αὐτὰ
479 1789 682 1883 δαιμονικῆς
708 1784 888 1884 δυνάμεως
918 1783 1173 1878 ἐκλελοιπυίας,
1202 1785 1260 1862 καὶ
1288 1787 1353 1882 τῆς

253 1915 411 1992 παλαιᾶς
438 1911 712 2008 δεισιδαιμονίας
740 1913 778 1988 ἐκ
807 1914 871 2009 τῆς
898 1915 971 1987 τών
997 1909 1203 2009 Αἰγυπτίων
1230 1913 1353 2014 ψυχῆς

254 2035 433 2134 ἀρθείσης,
447 2039 505 2115 καὶ
526 2036 576 2115 έτι
593 2034 684 2138 πρὸς
701 2034 838 2118 τούτοις
856 2040 885 2116 εἰ
903 2033 954 2133 μὴ
973 2036 1056 2114 καθ’
1072 2032 1228 2132 ἑκάστην
1243 2034 1353 2114 πόλιν

254 2164 311 2238 καὶ
339 2163 421 2241 καθ’
442 2163 596 2241 ἕκαστον
624 2159 720 2241 οἶκον
747 2160 906 2260 πόλεμος
933 2160 1106 2265 ἐμφύλιος
1133 2167 1206 2243 τοῖς
1233 2166 1374 2261 Αἶγα-5

253 2286 366 2370 πτίοις
397 2288 622 2384 συνίσταται,
640 2295 712 2367 τῶν
739 2287 803 2385 μέν
826 2287 890 2367 τὸν
919 2287 1053 2387 Κύριον
1081 2289 1139 2365 καὶ
1167 2285 1208 2365 τὸ
1236 2286 1349 2380 σέβας

251 2419 316 2490 τοῦ
334 2417 430 2492 Θεοῦ
456 2419 528 2493 τῶν
555 2420 752 2519 προφητῶν
778 2412 1050 2518 ἀποδεξαμένων
1075 2415 1133 2491 καὶ
1160 2415 1346 2512 ἀποστρα-

253 2535 392 2642 φέντων
417 2536 483 2637 τὴν
511 2539 555 2644 ἐξ
581 2545 707 2622 αἰῶνος
738 2537 916 2618 πολύθεον
947 2534 1100 2636 πλάνην,
1128 2544 1201 2616 τῶν
1229 2537 1265 2616 δὲ
1294 2538 1351 2617 διὰ

251 2662 294 2741 τὸ
329 2671 403 2749 τοῖς
433 2665 594 2766 πατρίοις
631 2664 680 2742 ε”τι
711 2661 989 2766 προστετηκέναι
1021 2670 1141 2746 κακοῖς
1172 2663 1255 2747 τοὺς
1286 2665 1392 2743 rium

255 2789 387 2892 Κύρων
411 2788 721 2895 παραδεξαμένους
747 2788 1010 2887 πολεμούντων,
1030 2793 1060 2867 εὶ
1082 2787 1131 2889 μὴ
1159 2789 1268 2869 εἰσέτι
1290 2795 1379 2870 καὶΙ)

596 2961 612 3007 ‘³
625 2965 793 3038 ποιήσονται]
810 2965 953 3036 ποιησουσι
968 2966 999 3021 Ρ.

249 3104 339 3157 mittet
352 3105 389 3158 sis
403 3103 542 3160 Dominus
556 3105 695 3170 huminous,
709 3107 756 3180 qui
774 3103 892 3162 salvabit
911 3122 964 3168 eos,
978 3101 1109 3174 judicans
1121 3103 1242 3160 salvabit
1256 3121 1307 3168 eos,
1321 3112 1348 3161 et

250 3182 372 3253 cognitus
399 3184 452 3238 erit
478 3183 612 3242 Dominus
634 3185 784 3260 AEgyptiis,
812 3191 839 3240 ei
865 3190 1023 3258 οοριιοςοεαι
1043 3182 1174 3257 AEguptii
1201 3184 1350 3240 Dominum

250 3259 342 3318 Deum
364 3263 393 3318 iu
412 3263 455 3318 die
474 3263 534 3328 ilio,
557 3273 583 3320 ei
599 3265 712 3337 socient
729 3265 874 3339 sacrificio,
895 3271 922 3319 et
943 3263 1076 3320 uooeduut
1097 3271 1160 3319 uota
1175 3261 1307 3328 Domino,
1321 3272 1347 3321 et

248 3342 369 3398 reddeat.
413 3342 484 3399 Hoec
508 3362 561 3400 nos
585 3344 698 3418 quidem
723 3353 807 3400 antea
834 3361 945 3418 quoque
972 3341 1129 3408 citavimus,
1155 3350 1185 3398 et
1208 3343 1238 3398 in
1266 3353 1346 3417 parte

249 3421 349 3478 saltem
364 3422 490 3497 planiora
503 3423 693 3481 reddidimus:
710 3423 785 3497 quod
797 3423 820 3479 si
831 3442 889 3479 non
900 3421 997 3496 patriis
1012 3423 1065 3478 diis
1076 3422 1180 3478 relictis
1190 3422 1345 3497 AEgyptios

247 3501 303 3558 hoo
326 3502 387 3576 ipso
410 3512 538 3578 tempore
560 3503 687 3560 videmus
710 3503 912 3577 prophetarum
936 3502 1028 3558 Deum
1052 3502 1227 3566 invocantes,
1247 3504 1272 3558 si
1294 3521 1346 3580 per

248 3583 407 3639 universam
422 3583 580 3660 AEgyptum
602 3583 631 3639 in
648 3584 724 3640 omui
741 3585 814 3650 loco,
828 3591 858 3640 et
871 3583 993 3646 civitate,
1009 3591 1038 3639 et
1057 3581 1183 3657 regione,
1198 3581 1287 3639 altare
1305 3582 1345 3639 illi

248 3661 313 3719 Deo
328 3672 452 3720 erectum
467 3684 523 3720 non
539 3673 591 3729 est,
607 3665 655 3739 qui
669 3663 743 3738 apud
759 3664 835 3720 solos
851 3664 988 3720 Hebraeos
1000 3662 1128 3719 laudibus
1143 3662 1344 3725 celebratur,si

247 3743 409 3800 manufacta
423 3743 544 3820 AEgypti
558 3753 700 3801 commota
714 3763 771 3800 non
787 3752 862 3810 sunt,
878 3752 907 3800 et
922 3743 1078 3800 daeruonica
1090 3743 1134 3798 vis
1155 3761 1217 3816 quoe
1238 3743 1343 3800 circum

247 3821 294 3878 illu
319 3824 484 3880 versabatur
511 3843 568 3881 uon
597 3824 708 3888 defecit,
734 3832 870 3899 vetusque
891 3823 1094 3898 AEgyptiorum
1119 3823 1283 3897 superstitio
1306 3841 1344 3880 ex

247 3903 348 3959 animis
369 3922 465 3961 eorum
481 3905 591 3962 sublata
604 3923 662 3961 uon
676 3913 730 3972 est,
745 3917 890 3978 preterea,
906 3904 930 3959 si
951 3921 1001 3977 per
1021 3902 1147 3979 singulas
1165 3903 1294 3961 civitates
1314 3912 1344 3960 et

247 3981 438 4054 persingulas
453 3984 553 4040 domos
564 3984 669 4042 bellum
684 3985 849 4040 intestinum
864 3983 938 4058 apud
947 3983 1101 4058 AEgyptios
1116 4000 1172 4038 nou
1187 3993 1341 4058 grassatur,

247 4058 315 4115 dum
336 4059 383 4116 alii
404 4063 516 4136 quidem
536 4063 692 4122 Dominum
711 4077 741 4120 et
758 4065 865 4121 cultum
887 4063 942 4120 Dei
965 4063 1166 4138 prophetarum
1191 4065 1341 4138 accipiunt,

247 4155 428 4212 erroremque
442 4161 498 4214 quo
512 4145 547 4199 ab
562 4145 641 4201 initio
656 4145 732 4200 Deos
753 4145 857 4200 multos
871 4144 1001 4202 colebant
1015 4149 1189 4207 aversantur,
1204 4143 1251 4199 alii
1264 4163 1341 4208 vero,

246 4224 396 4289 propterea
420 4221 495 4290 qaod
522 4223 620 4293 patriis
646 4223 738 4278 adhuc
762 4223 843 4280 malis
867 4224 960 4280 affecti
985 4225 1019 4280 iis
1040 4223 1194 4288 adhaerent,
1220 4241 1270 4280 eos
1294 4224 1341 4298 qui

246 4293 400 4348 Dominum
426 4299 585 4369 acceperint
608 4310 784 4374 oppugnant,
810 4304 832 4358 si
858 4321 916 4359 uon
941 4303 1024 4359 hodie
1047 4320 1158 4374 quoque
1183 4303 1249 4360 dum
1275 4321 1343 4360 suos
