3120 4716
261 231 327 302 918
708 227 893 292 EUSEBII
1342 245 1378 308 p.
1388 225 1501 306 465—

262 393 396 500 ἀνθρας,
429 403 488 475 καὶ
522 393 711 475 ἀπέκτεινεν
745 391 862 478 absolu
891 395 921 473 ἓν
950 395 1054 499 ἡμέρην
1082 399 1151 499 μιᾷ
1184 387 1279 469 uarie
1312 391 1364 468 riu

263 524 364 623 λόγον
380 518 503 627 'Au-lup
527 523 558 600 br
586 512 749 626 ἔγραψεν,
773 515 900 598 ἔθωκαν
926 516 972 596 rb
997 515 1177 619 θνησιμαῖα
1205 514 1266 593 τόν
1291 512 1362 592 θοό-

263 668 335 728 λων,
366 683 424 727 τον
460 647 632 754 βρώματα
668 649 736 728 τοῖς
773 648 924 727 πετεινοῖς
962 644 1017 721 τόνυ
1055 643 1191 748 superui,
1227 637 1362 746 σάρκας
1375 674 1405 708 ¹⁰

265 775 357 854 ὁτέων
389 809 448 853 σου
483 777 551 856 τοῖς
584 770 676 879 ζῴοις
706 769 764 862 τῆς
800 768 875 871 γῆς,
909 768 1050 873 alpem
1083 767 1189 846 αάτῶν
1226 763 1395 872 ἑξέχεανά

228 939 256 986 13
268 901 385 1006 κάκλῳ
403 895 633 1001 Ἰερουσυιλῆρα
654 903 713 977 καὶ
735 901 793 975 οὐκ
812 889 844 988 ῆν
864 905 879 974 i
899 893 1043 973 θάπτων.
1102 891 1251 971 Τούτων
1269 891 1363 968 οὕτω

263 1025 535 1127 προρρηθέντων
566 1028 624 1102 καὶ
661 1021 983 1116 ἀποτελεσθέντων,
1012 1021 1054 1098 οὐ
1085 1017 1297 1117 θαυμαστόν
1333 1023 1363 1095 εἰ

264 1150 356 1232 κατὰ
373 1152 436 1231 τὸν
454 1149 712 1253 αὐτὸντρόπον
729 1151 788 1228 καὶ
805 1147 851 1228 τὰ
867 1145 1120 1248 προεκτεθέντα
1137 1154 1201 1224 τοῦ
1219 1173 1387 1224 reeca-s

264 1287 445 1383 ρακοστοῦ
462 1284 620 1376 Ψαλμοῦ
639 1275 747 1377 λόγια
763 1275 930 1375 σημαίνει
946 1272 992 1353 τά
1009 1271 1194 1372 μέλλοντα
1212 1273 1362 1351 ἔσεσθαι

265 1406 356 1487 κατὰ
381 1403 469 1485 1’τόν
498 1403 620 1509 καιρὸν
649 1409 713 1502 τῆς
740 1412 804 1484 τοῦ
834 1405 1000 1505 Σωτῆρος
1028 1402 1129 1499 ῆμῶν
1157 1402 1360 1498 ἐπιβουλῆς,

264 1531 356 1633 ἅπερ
379 1533 430 1631 μὴ
454 1531 599 1612 πάντων
622 1530 821 1634 ἀνθρώπων
838 1529 1039 1624 συνιέντων,
1058 1526 1156 1609 ὅπως
1175 1523 1293 1627 Λόγος
1313 1523 1364 1606 ὧν

265 1665 371 1755 θεοῦ,
390 1661 447 1738 καὶ
473 1659 598 1763 σοφία,
617 1659 675 1737 καὶ
694 1655 774 1759 ζωὴ,
793 1659 852 1736 καὶ
871 1662 949 1760 φῶς
966 1651 1146 1754 ἀληθινὸν,
1164 1655 1223 1732 καὶ
1244 1651 1363 1732 πάντα

264 1793 424 1865 πλοῦτον
447 1787 592 1886 ἀγαθῶν
617 1781 833 1883 κεκτημένος,
851 1783 893 1860 δι’
912 1782 1004 1880 ἡμᾶς
1022 1779 1225 1884 ε’πτιόχευσε
1243 1779 1363 1880 σάρκα
1373 1818 1402 1853 ιο

265 1910 402 2008 λαβὼν,
421 1913 479 1991 καὶ
503 1918 575 1994 τοῖς
599 1909 641 1990 τὸ
666 1910 767 2011 γένος
793 1914 932 2008 θνητοῖς
956 1906 1155 2010 ἀνθρώποις
1177 1909 1235 1987 καὶ
1259 1941 1361 1987 πτω-

266 2045 343 2144 χοῖς
360 2038 553 2136 όμοιωθεὶς,
571 2035 716 2142 μορφήν
739 2069 778 2114 τε
803 2034 935 2115 δούλου
958 2037 1017 2114 καὶ
1043 2033 1192 2132 πένητος
1216 2034 1361 2132 ἀνειλη-

268 2166 355 2270 φὼς,
374 2169 433 2244 καὶ
457 2163 619 2261 μάλιστα
642 2165 725 2243 καθ’
749 2161 790 2243 ὃν
811 2161 933 2265 καιρὸν
950 2160 1107 2264 ἐπλήρου
1125 2160 1191 2260 τῆν
1208 2157 1280 2240 ἀπὸ
1298 2170 1363 2241 τοῦ

264 2297 425 2388 immor
461 2289 691 2394 προφητείαν,
724 2289 865 2372 εἰκότως
900 2291 938 2367 έν
975 2291 1069 2392 ἀρχῇ
1105 2293 1169 2366 τοῦ
1202 2292 1361 2384 {ratpot
1374 2324 1402 2370 1⁵

267 2415 491 2519 μακαρίζεται
523 2417 543 2494 ὁ
578 2423 689 2495 ταῦτα
719 2417 800 2517 περὶ
833 2416 940 2495 αὐτοῦ
976 2415 1118 2511 συνιεὶς,
1150 2414 1364 2515 ἐπαγγελίας

269 2534 455 2642 τυγχάνων
473 2541 537 2636 τῆς
554 2539 877 2640 ἀναγεγραμμένης.
908 2534 989 2617 Εἶθ’
1010 2537 1091 2643 ἑξῆς
1109 2539 1149 2614 ἐκ
1166 2535 1365 2637 προσώπου
1372 2564 1403 2627 p·
1412 2541 1474 2621 4⁶⁶

270 2663 399 2744 λοιπὸν
422 2663 466 2763 δὴ
492 2673 555 2744 τοῦ
575 2664 724 2765 πένητος
749 2667 807 2743 καὶ
828 2671 983 2768 πτωχοῦ,
1002 2665 1110 2742 αὐτοῦ
1138 2659 1276 2762 δηλαδὴ
1302 2670 1367 2742 τοῦ

378 2837 394 2882 b
408 2844 454 2898 τὸν
467 2843 526 2915 τῆς]
543 2843 590 2896 τὸν
603 2845 691 2915 καιρὸν
703 2845 749 2912 τῆς
763 2844 794 2899 P.
809 2843 908 2898 omisso
922 2845 1018 2914 χρόνον
1030 2850 1092 2914 post
1105 2843 1255 2911 ἐπιβουλῆς.

271 2997 412 3068 reregiutu
426 2999 505 3059 υὶτοι,
521 3004 548 3051 et
568 2998 665 3052 oceidit
679 3016 723 3054 eos
736 3000 763 3052 iu
777 3015 829 3054 uuo
843 2997 895 3064 die,
909 2999 1056 3054 seeundum
1069 2997 1175 3054 uerbum
1190 2997 1285 3071 Amph
1299 2997 1368 3070 quud

271 3075 388 3146 scripsit,
414 3077 546 3131 dederuut
569 3077 712 3134 morticino
737 3095 873 3133 seruorum
898 3085 1005 3134 tuorum
1029 3095 1104 3133 mous
1124 3077 1281 3134 volutilibus
1301 3077 1366 3141 eruli,

273 3171 366 3208 cumea
378 3162 532 3210 sauctorum
548 3163 657 3212 tuorum
672 3157 762 3213 bestiis
776 3165 862 3222 terre,
877 3159 1084 3231 sanguinemque
1104 3175 1196 3214 eorum
1216 3157 1368 3232 &ulmum

273 3233 427 3290 incircuitu
443 3235 625 3301 Hierusalem,
641 3245 669 3291 et
682 3255 734 3292 nou
748 3245 808 3292 erut
826 3240 871 3311 qui
890 3238 1020 3310 sepeliret.
1062 3236 1158 3305 Quum
1172 3236 1276 3294 haec'iu
1292 3238 1368 3294 hune

272 3313 389 3370 modum
413 3323 442 3371 et
462 3315 596 3388 proedictu
620 3323 649 3371 et
670 3315 811 3390 completa
832 3317 897 3380 siut,
915 3316 1016 3372 mirum
1038 3317 1127 3373 videri
1147 3336 1206 3373 nou
1230 3318 1324 3380 debet,
1344 3318 1368 3372 si

274 3395 374 3451 eodem
389 3395 473 3452 modo
492 3396 578 3452 etiam
597 3397 709 3452 oracula
726 3397 761 3452 de
780 3396 995 3470 quadragesimo
1010 3397 1122 3453 Psulmo
1142 3415 1233 3470 nuper
1252 3407 1370 3471 uooepta

274 3475 342 3549 quid
360 3476 485 3532 futurum
506 3485 581 3532 esset
601 3495 652 3550 per
672 3476 701 3532 id
715 3485 836 3550 tempus,
851 3495 908 3550 quo
920 3475 1014 3533 Judaei
1035 3478 1169 3533 adversus
1190 3475 1368 3533 saluatorem

273 3564 402 3612 nostrum
417 3557 622 3630 conspirarunt,
637 3555 817 3631 significant:
837 3575 874 3612 ex
887 3556 989 3629 quibus
1002 3575 1088 3630 quum
1103 3556 1225 3613 universi
1239 3556 1369 3612 homines

269 3643 331 3692 'non
350 3637 540 3710 intelligerent
559 3653 681 3711 quonam
701 3643 784 3710 paeto
799 3637 846 3710 qui
859 3636 984 3692 Verbum
1000 3636 1053 3692 Dei
1070 3645 1123 3699 est,
1137 3645 1167 3692 et
1180 3636 1325 3710 sapientia,
1339 3645 1370 3692 et

274 3717 341 3780 vita,
355 3727 385 3774 et
397 3718 494 3773 lumen
507 3735 614 3780 verum,
630 3725 659 3772 et
672 3733 771 3772 omues
791 3715 930 3772 bonorum
951 3715 1063 3772 divitias
1082 3716 1239 3790 possidens,
1253 3724 1370 3790 propter

275 3815 328 3853 uos
341 3805 486 3871 assumpto
500 3814 617 3870 corpore
636 3805 665 3852 et
683 3814 790 3870 pauper
809 3805 838 3852 et
854 3805 955 3852 natura
974 3797 1139 3854 mortalibus
1159 3796 1320 3853 homiuibus
1341 3805 1371 3854 et

275 3877 373 3949 egenis
395 3877 492 3933 similis
514 3877 551 3933 sit
570 3876 668 3940 sactus,
685 3876 861 3951 formamque
878 3883 908 3932 et
926 3876 998 3932 servi
1020 3886 1049 3934 et
1068 3877 1198 3951 pauperis
1218 3877 1368 3950 acceperit,

275 3957 398 4013 maxime
412 3975 467 4030 quo
481 3965 609 4031 tempore
623 3956 782 4031 complebat
798 3975 832 4013 ea
850 3975 912 4030 quse
926 3957 962 4012 ad
976 3958 1154 4030 prophetiam
1167 3957 1251 4031 hujus
1266 3957 1371 4013 Psalmi

275 4035 426 4105 pertinent,
442 4037 544 4092 merito
558 4037 587 4093 in
601 4037 681 4093 initio
696 4035 799 4093 Psalmi
813 4037 837 4094 is
851 4047 882 4093 ut
895 4037 995 4094 beatus
1009 4038 1231 4102 commendetur,
1248 4038 1293 4111 qui
1308 4037 1370 4093 haec

276 4113 311 4167 de
324 4111 373 4168 illo
388 4115 566 4177 intellexerit,
582 4125 679 4190 utpote
698 4117 746 4190 qui
763 4117 932 4190 promissum
946 4116 1063 4191 publicae
1078 4117 1222 4174 memoriae
1236 4117 1370 4173 traditum

277 4190 412 4246 obtineat.
456 4192 531 4247 'l'um
556 4194 695 4269 deinceps,
712 4196 786 4268 quod
809 4207 946 4269 superest,
966 4216 1001 4252 ex
1023 4197 1110 4270 ipsius
1133 4196 1262 4271 pauperis
1287 4206 1370 4270 utque

278 4267 360 4337 egeni
383 4287 511 4339 persone,
537 4270 623 4340 ipsius
649 4273 778 4330 videlieet
803 4275 957 4332 Salvatoris
979 4277 1077 4342 nostri,
1102 4277 1147 4349 qui
1177 4285 1291 4351 propter
1319 4295 1371 4332 uos
