3142 4720
267 239 332 302 544
713 239 898 306 uusuuu
1336 237 1508 319 offic-

316 403 506 490 Μνήσθητι,
526 406 638 504 Κύριε,
654 413 716 479 τοῦ
739 407 853 495 Δαβὶθ
875 406 927 478 καὶ
950 402 1057 488 πόσης
1079 413 1138 487 τῆς
1154 403 1384 499 ιπραύτητοςς

266 523 376 592 αὐτοῦ·
403 524 443 599 ὡς
458 521 570 604 ι’ύμοσε
585 529 634 612 τῷ
652 521 774 618 Κυρίῳ,
792 519 914 614 ηὔξατο
931 526 981 611 τῷ
1000 521 1071 611 θεῷ
1088 519 1221 606 Ἰακιύβ.

266 648 335 734 Οἷς
351 651 433 746 μεθ’
454 651 555 754 ἕτερα
573 652 738 752 ἐπιλέγει·

306 794 440 878 Ὤμοος
466 795 587 893 Κύριος
611 802 658 886 τῷ
685 795 800 883 Δαβὶθ
824 793 1058 880 ἀλήθειανκαὶ
1085 795 1122 865 ού
1145 795 1190 878 μή
1215 795 1360 888 ἁθετήση

265 911 373 982 αὐτόν·
405 912 438 982 ἐκ
467 918 594 1008 καρποῦ
622 920 681 995 τῆς
709 912 834 988 κοιλίας
857 918 921 982 σοῦ
949 915 1091 994 θήσομαι
1117 910 1171 980 ἐπὶ
1197 907 1258 981 τόν
1285 909 1405 1005 θρύ-ιο

267 1055 320 1096 νον
333 1056 404 1100 σου.

244 1175 258 1222 ⁸
323 1157 395 1233 Καὶ
426 1155 654 1251 ὑποκαταβὰς
686 1157 768 1262 ἑξῆς
796 1154 860 1235 τὸν
890 1157 930 1234 ἐκ
962 1162 1100 1256 καρποῦ
1131 1158 1194 1252 τῆς
1224 1154 1361 1238 κοιλίαις

266 1285 388 1376 Δαβὶδ
405 1281 700 1381 ἀναστησόμενον
718 1281 926 1383 λευκότερον
946 1280 1116 1382 ὀνομάζει,
1135 1281 1263 1382 λέγων,

315 1424 408 1495 Ἐκεῖ
431 1422 614 1519 ε’ξαναπελῶ
639 1427 732 1522 κε’ρας
756 1433 805 1517 τῷ
830 1425 955 1514 Δαβὶθ,
977 1428 1143 1508 ήπούμασα
1168 1426 1289 1522 λύχνου
1312 1432 1391 1516 regib

265 1539 409 1638 Χριστῷ
432 1565 504 1624 μου·
530 1540 606 1617 τοῦς
631 1542 767 1640 ἐχθρούς
793 1543 892 1612 αύποῦ
916 1540 1033 1612 ἔνθύσω
1059 1541 1224 1637 αι’σχύνην·
1250 1541 1304 1611 ἐπὶ
1326 1539 1362 1612 δὲ

264 1655 362 1728 atrio
379 1655 547 1750 ἕξανθήσει
564 1655 607 1728 τό
624 1653 776 1749 ἅγύασμύ
793 1687 865 1739 μου.

240 1821 256 1868 9
320 1791 446 1866 Ταῦτα
466 1795 656 1889 τοιγαροῦν
676 1792 851 1886 Σολομῶν
870 1788 890 1866 ὁ
909 1784 1145 1892 1’σοφώτατος
1165 1791 1216 1891 τῷ
1235 1787 1359 1864 ἑαυτοῦ

263 1913 372 2014 πατρὶ
397 1911 601 2014 χρησθέντα
627 1911 842 2012 συννοήσας,
860 1912 909 2012 μὴ
933 1912 1051 2016 μικρὰ,
1069 1911 1210 2015 μείζῦνα
1234 1910 1272 1991 δὲ
1297 1916 1380 2011 voirs

263 2036 355 2117 κατὰ
379 2037 568 2139 ἄνθρωπον
586 2038 731 2143 φύσεως
748 2038 971 2142 τυγχάνοντα
994 2038 1159 2136 συνιδὼν,
1178 2043 1235 2118 καὶ
1259 2047 1356 2136 μᾶλ-

264 2173 331 2243 λον
349 2164 547 2267 ἁρμόζοντα
566 2171 649 2272 Θεῷ
667 2165 757 2268 ἤπερ
776 2167 883 2272 αὐτῷ,
902 2167 1027 2268 καίπερ
1046 2164 1121 2245 ὅντι
1146 2169 1209 2272 υἱῲ
1227 2169 1359 2260 Δαβῖδ,

263 2291 394 2375 συνιείς
413 2325 450 2371 τε
467 2292 531 2371 τὸν
547 2291 638 2395 πρὸς
656 2301 720 2372 τοῦ
736 2298 833 2373 Θεοῦ
849 2289 1076 2394 πρωτότοκον
1095 2291 1358 2391 ὠνομασμένον,

263 2421 322 2497 καὶ
347 2415 410 2497 τόν
435 2426 565 2525 σαφῶς
589 2421 900 2526 προφητευόμενον
924 2419 997 2499 υἱόν
1016 2425 1120 2515 Θεοῦ,
1141 2419 1360 2522 ύπεργέγηθε
1373 2461 1404 2496 ιο

264 2551 341 2629 ταῖς
370 2546 611 2646 ε’παγγελίαις,
640 2549 697 2626 καὶ
730 2547 937 2650 συνεύχεται
965 2549 1189 2644 πιστωθῆναι
1219 2545 1265 2623 τὰ
1297 2549 1359 2644 τῆς

264 2669 505 2773 προρρήσεως,
523 2671 753 2771 ἐπιδημήσειν
770 2707 809 2752 τε
831 2674 894 2752 τὸν
917 2669 1236 2778 προφητευόμενον,
1255 2700 1385 2773 πρΜ

262 2796 409 2878 τότοκον
426 2801 483 2878 καὶ
502 2805 597 2880 Θεοῦ
616 2797 690 2878 υἱὸν
708 2797 945 2901 ἀναγορεύων.
1005 2795 1075 2877 Διό
1093 2804 1198 2902 φησι,
1220 2809 1287 2876 Καὶ
1315 2800 1361 2876 νῦν

446 2968 462 3001 ⁸
475 2959 630 3032 coacturos]
646 2957 794 3032 πραύςηπος
809 2961 840 3017 P.
954 2953 970 3000 b
985 2960 1135 3030 σοφότιιτος
1148 2960 1176 3013 S.

264 3093 344 3151 Audi
357 3095 445 3171 igitur
458 3095 533 3152 huno
548 3114 677 3170 quoque:
694 3097 832 3154 Memento
849 3097 966 3152 Domine
980 3095 1084 3163 David,
1098 3104 1124 3152 ct
1139 3097 1225 3152 omnio
1238 3113 1361 3151 munros·

263 3177 367 3232 tudiois
390 3177 457 3249 ςιίιι,
476 3177 547 3233 sicot
561 3175 671 3247 juravit
692 3177 820 3242 Domino,
835 3185 927 3234 votum
945 3179 1018 3232 vovit
1036 3178 1097 3233 Deo
1111 3175 1207 3234 Jacob.
1249 3174 1361 3243 Quibus

263 3262 329 3329 post
342 3255 396 3312 sliu
410 3255 543 3330 deinceps
556 3256 695 3332 adjungit,
709 3257 821 3314 Jurooit
836 3258 972 3314 Dominus
987 3257 1082 3313 David
1102 3259 1252 3320 veritatem,
1266 3263 1293 3310 et
1307 3273 1361 3311 noo

254 3335 447 3410 frustrabitur
460 3356 529 3398 eom.
544 3339 577 3393 de
589 3337 691 3411 fructu
705 3341 807 3395 centris
826 3340 865 3394 tui
878 3356 981 3412 ponam
994 3355 1078 3412 super
1090 3337 1175 3394 rodem
1191 3343 1275 3393 tuom.
1319 3333 1362 3390 Et

262 3417 377 3491 paulum
400 3435 568 3492 progressus
590 3417 731 3492 deinceps,
752 3437 816 3475 eum
841 3418 890 3492 qui
912 3417 948 3474 sit
969 3417 1119 3475 defructu
1139 3417 1246 3474 ventris
1266 3414 1360 3472 David

263 3496 441 3556 suscitandus
464 3495 574 3572 pionius
596 3497 733 3564 nominat,
759 3498 865 3562 diceus,
892 3497 954 3555 illio
975 3500 1125 3573 producam
1149 3513 1234 3554 cornu
1256 3497 1359 3560 Dauid,

258 3581 359 3653 ραταοὶ
373 3580 508 3638 lucernum
523 3578 632 3636 Christo
648 3597 715 3643 meo,
731 3579 853 3636 inimicos
862 3576 933 3657 'ejus
951 3580 1062 3635 induam
1077 3578 1252 3652 confusione:
1279 3595 1361 3651 super

261 3662 346 3732 ι’ρςυπι
360 3667 450 3716 autom
463 3658 593 3737 efflorebit
606 3661 784 3734 sanctificatio
799 3677 866 3714 meo.
909 3659 1008 3733 Itaque
1022 3658 1083 3715 hoec
1095 3657 1234 3715 Solomou
1248 3657 1359 3732 supien-

262 3738 389 3794 tissimus
410 3759 473 3814 quoe
494 3740 566 3814 patri
586 3758 638 3796 suo
656 3758 792 3814 responsu
805 3739 917 3796 fuerunt
935 3758 1021 3814 quum
1042 3738 1228 3796 intellexisset
1248 3737 1362 3794 nonita

262 3836 349 3890 purus
362 3837 432 3884 esse,
448 3818 497 3876 sed
518 3822 628 3896 majore
648 3839 732 3894 quem
749 3828 780 3877 ut
793 3827 901 3876 neturus
921 3819 1045 3877 hominis
1062 3819 1213 3876 convenire
1235 3827 1360 3894 possent,

262 3897 383 3971 Deoque
404 3899 499 3975 potius
519 3900 759 3958 accommodando
779 3919 863 3975 quum
884 3901 948 3966 sibi,
964 3919 1050 3974 quum
1069 3908 1145 3957 esset
1159 3917 1270 3973 quoque
1287 3896 1362 3955 filius

262 3977 365 4042 David,
376 3979 547 4053 vidissetque
561 3999 636 4044 eum,
650 3981 696 4055 qui
707 4000 725 4038 u
735 3982 797 4038 Deo
811 3981 903 4055 primo
916 3981 1030 4057 genitus
1044 3981 1247 4044 nominaretur,
1259 3978 1362 4054 quique

261 4057 346 4132 plane
360 4058 434 4114 filius
446 4060 499 4115 Dei
513 4060 652 4118 diceretur
666 4061 786 4126 futurus,
795 4061 877 4118 valde
891 4062 995 4119 talibus
1008 4061 1155 4136 promissis
1169 4058 1285 4134 gavisum
1298 4066 1358 4116 est:

262 4147 292 4194 et
306 4139 390 4194 simul
404 4139 549 4212 exoptavit
563 4140 723 4197 confirmari
741 4161 775 4198 eo
795 4161 858 4216 quoe
873 4142 910 4198 ud
924 4141 979 4198 hoc
993 4141 1155 4198 vaticinium
1177 4141 1360 4214 pertinerent,

262 4235 315 4274 nec
328 4236 386 4275 nou
400 4225 550 4276 venturum
564 4220 643 4276 illum
658 4221 692 4277 de
712 4239 768 4295 quo
787 4221 935 4298 prophetis
955 4222 1125 4296 loqueretur,
1140 4219 1361 4296 primogenitum

262 4315 296 4353 ac
319 4298 372 4355 Dei
395 4299 483 4355 filium
508 4299 620 4357 iuterim
645 4301 722 4357 illum
742 4302 895 4376 appellens.
938 4299 1079 4369 Quocirca
1100 4301 1141 4358 sic
1162 4301 1209 4365 eit,
1232 4302 1269 4356 Et
1290 4318 1362 4356 uuor
