3142 4720
62 269 194 340 *²97-
450 261 677 330 DEMONST.
701 261 871 331 EVANG.
896 269 956 330 Vl.
973 285 1024 331 20.
1239 267 1305 336 597

205 415 293 500 εἰναι
318 426 376 502 καί
401 424 567 523 πολέμιοι
591 433 655 504 τοῦ
683 434 774 506 λαοῦ
800 435 864 505 τοῦ
886 431 992 524 Θεοῦ,
1010 432 1082 505 τῶν
1106 432 1305 534 προφητῶν

205 545 296 625 κατὰ
312 555 489 629 πλεῖστον
507 549 598 630 ὅσον
615 554 835 657 ἀφεστῶτες,
852 549 997 636 εἰκότως
1015 553 1132 636 αὐτοῖς
1149 555 1327 655 πρῶτοιςε

205 673 228 771 ή
246 683 310 754 τοῦ
328 680 424 755 θεοῦ
448 675 581 780 ἐφίστη
599 675 757 775 δύναμις·
787 675 921 757 διὸκαὶ
941 675 1087 758 πάντων
1105 678 1305 780 ἀνθρώπων

205 805 351 897 μᾶλλον
384 805 468 904 παρ’
499 803 706 904 Αἰγυπτίοις
738 803 891 908 ἴσχυσεν
922 805 943 882 ὁ
975 808 1037 902 τῆς
1071 803 1305 914 ειίαγγελικής

206 926 315 1006 αὐτοῦ
342 929 575 1011 διδασκαλίας
603 926 724 1030 λόγος·
755 928 837 1008 ὅθεν
864 930 886 1028 ή
910 937 1080 1032 παροῦσα
1104 929 1305 1037 προφητεία

165 1053 313 1132 καύτὸν
339 1055 456 1138 αι’ττοῖς
480 1053 711 1154 ἐπιδημήσειν
731 1053 795 1134 τὸν
816 1054 949 1157 Κύριον
975 1056 1142 1159 θεσπίζει.
1191 1056 1300 1134 Ἀλλ’
1314 1085 1343 1120 ¹0

206 1180 285 1282 οὐχὶ
316 1179 399 1263 τοὺς
427 1183 644 1281 Αἰγυπτίους
672 1181 770 1287 ἥξειν
799 1187 848 1264 εἰς
876 1180 943 1280 τήν
968 1181 1150 1261 Ἰουδαίων
1182 1180 1303 1286 χώραν
1394 1261 1396 1270 ,

206 1301 289 1382 οὐδέ
312 1337 355 1405 γε
385 1312 434 1388 εἰς
459 1305 505 1384 τὰ
531 1305 770 1408 Ἱεροσόλυμα
797 1305 1063 1408 προσκυνήσειν
1095 1307 1201 1412 αὐτῷ,
1229 1307 1301 1386 οὐδ

205 1430 357 1510 ἐνταῦθα
374 1430 466 1510 κατὰ
484 1429 551 1512 ksul
568 1431 668 1535 παρὰ
687 1439 823 1512 Μωσεῖ
841 1429 1138 1534 προστεταγμένα
1162 1463 1329 1532 προση-ιι
1360 1453 1371 1470 ·

206 1555 392 1638 λυτειίσειν
408 1559 599 1655 Ἰαιδαίοις,
618 1557 697 1638 οὐδὲ
721 1558 845 1637 θύσειν
870 1558 998 1640 θυσίας
1017 1558 1054 1635 ἐν
1076 1562 1127 1662 τῷ
1149 1553 1303 1660 τρδςτή

205 1681 447 1783 Ἰερουσαλήμ
475 1683 733 1790 θυσιαστηρίῳ·
770 1681 872 1762 ἀλλὰ
897 1681 1034 1762 τούτων
1060 1680 1125 1780 μὲν
1152 1680 1307 1762 ἔσεσθαί

205 1811 322 1910 φησιν
340 1807 451 1904 οὐδὲν,
468 1805 533 1887 τὸν
550 1807 588 1887 δὲ
607 1808 741 1909 Κύρων
762 1807 872 1887 αὑτὸν
895 1805 1127 1907 ἐπιδημήσειν
1145 1813 1217 1890 τοῖς
1238 1813 1325 1886 lli-⁵

204 1932 378 2031 γιπτίοις,
405 1935 463 2011 καί
493 1936 558 2032 τῆς
587 1935 696 2013 αὑτοῦ
726 1933 929 2037 παρουσίας
955 1932 1194 2038 καταξιώσειν
1222 1929 1303 2016 τοὺς

205 2057 345 2160 ῶιδρας,
364 2057 532 2160 μεγάλων
547 2089 588 2137 τε
613 2061 760 2159 ἀγαθῶν
784 2056 1081 2157 καταστήσεσθαι
1098 2057 1213 2138 αἴτιον
1233 2059 1300 2137 αὐ·

166 2190 287 2266 Ητοῖς.
351 2183 606 2285 Κατορθῶσειν
632 2192 721 2285 γοῦν
747 2185 856 2263 αὐτοῦ
878 2183 944 2282 τήν
969 2186 1155 2284 ἐπιδημίου
1179 2193 1303 2281 ταῦτα,

203 2305 293 2411 ἅπερ
323 2313 381 2388 καί
412 2310 529 2393 αὐτοῖς
559 2307 676 2410 ἔργοις
702 2309 794 2408 μετὰ
820 2309 888 2409 τήν
913 2317 978 2390 τοῦ
1006 2314 1173 2412 Σωτῆρος
1200 2312 1301 2410 ἡμῶν

202 2435 326 2534 Ἰησοῦ
351 2443 415 2515 τοῦ
440 2441 604 2536 Χριστοῦ
631 2433 836 2541 ἐπιφόικιαν
861 2437 1077 2516 συνίσταται
1103 2449 1296 2538 πεπληρω-
1313 2471 1343 2508 ιο

202 2560 304 2658 μένα·
334 2561 413 2640 τίνα
438 2559 475 2640 δὲ
500 2558 545 2660 ἦν
569 2558 792 2657 θεασαίμεθα.
849 2566 901 2640 Oi
923 2564 1009 2663 πρὶν
1031 2559 1097 2661 τὴν
1116 2563 1301 2662 Αἴγυπτον

203 2693 378 2770 οἰκοῦντες
393 2691 528 2793 φαῦλοι
552 2689 611 2765 καί
632 2690 806 2790 μοχθηροὶ
829 2689 1002 2785 δαίμονες,
1020 2688 1064 2794 ἐξ
1085 2693 1210 2771 αἰῶνος
1231 2699 1332 2787 pia-tl

663 2877 725 2936 llul
739 2900 794 2938 om.
811 2883 840 2938 S.

204 3035 306 3092 sissimi
326 3053 389 3092 esse
403 3035 543 3110 AEgyptii,
566 3034 725 3110 inimicique
746 3044 830 3110 atque
851 3035 948 3092 hostes
969 3035 1064 3110 populi
1085 3033 1148 3103 Dei,
1165 3033 1297 3112 longissi-

203 3133 304 3190 meque
328 3135 346 3171 a
368 3115 517 3192 prophetis
540 3114 648 3180 abesse,
671 3115 772 3172 merito
796 3115 918 3189 primum
946 3116 1021 3190 apud
1044 3115 1108 3172 illos
1132 3115 1187 3172 Dei
1209 3115 1299 3172 virtus

203 3202 378 3252 commorata
399 3203 458 3251 est:
482 3203 653 3270 quapropter
666 3195 729 3270 plus
743 3195 817 3270 apud
830 3195 994 3272 AEgyptios‚
1009 3213 1093 3270 quam
1112 3195 1186 3270 apud
1200 3211 1299 3252 omnes

204 3275 273 3332 alios
294 3275 433 3340 homines,
448 3275 619 3350 evangelicae
639 3275 713 3332 illius
734 3275 870 3333 doctrinae
890 3276 1007 3333 verbum
1029 3276 1163 3332 invaluit:
1186 3295 1222 3333 ex
1243 3293 1300 3349 quo

202 3355 295 3430 ipsum
309 3355 468 3412 Dominum
488 3355 525 3412 ad
543 3355 607 3412 illos
628 3373 806 3412 accessurum
829 3365 858 3413 et
877 3374 941 3413 cum
960 3355 1014 3413 illis
1033 3363 1208 3412 moraturum
1229 3373 1299 3429 prae·

203 3453 269 3492 sens
281 3435 431 3512 prophetia
441 3435 558 3492 divinat.
600 3437 638 3492 At
651 3454 709 3493 non
725 3436 878 3512 AEgyptios
892 3436 1039 3493 interram
1053 3436 1217 3492 ludaeorum
1232 3453 1299 3491 ven-

202 3525 292 3580 turus,
306 3533 399 3590 neque
414 3515 625 3590 Hierosolyma,
640 3524 672 3573 ut
691 3516 731 3573 ibi
752 3516 830 3573 illum
849 3516 977 3580 adorent,
996 3533 1087 3589 neque
1107 3533 1175 3571 vero
1196 3513 1300 3570 ibidem

203 3596 278 3653 iuter
290 3595 406 3652 ,ludaeos
420 3613 456 3652 ex
470 3595 513 3663 iis,
529 3615 590 3670 quse
605 3616 622 3652 a
635 3595 720 3653 Mose
734 3596 864 3653 instituta
876 3603 943 3652 suut
956 3595 1194 3670 peregrinaturos,
1210 3611 1301 3666 neque

203 3675 410 3733 sacrificaturos
434 3675 463 3732 iu
486 3695 530 3740 eo,
556 3676 631 3750 quod
653 3688 698 3733 est
722 3677 751 3733 in
777 3676 966 3740 Hierusalem,
992 3674 1091 3731 altari:
1124 3674 1175 3731 sed
1198 3673 1301 3729 horum

204 3755 317 3830 quidem
341 3755 412 3812 nihil
436 3773 552 3829 prorsus
581 3756 620 3812 ait
643 3757 778 3822 futurum,
801 3764 831 3813 at
854 3757 945 3831 ipsum
976 3754 1130 3814 Dominum
1160 3753 1300 3810 aditumm

204 3835 368 3912 AEgyptios,
381 3843 410 3892 ct
424 3855 476 3892 suo
489 3836 612 3893 adventu
626 3837 756 3894 homines
770 3837 961 3911 dignaturum,
972 3852 1198 3910 magnorumque
1210 3835 1300 3891 bono·

200 3915 1302 4072 {lt'attilltlll'laessffilttsitit{fitutia}

203 4077 294 4132 nostri
308 4075 380 4132 Jesu
394 4076 501 4133 Christi
521 4077 673 4134 adventum
692 4077 835 4152 completa
856 4085 1026 4134 cernuntur:
1050 4095 1113 4151 que
1135 4095 1219 4150 porro
1240 4075 1302 4132 haec
1390 4081 1391 4084 ’

205 4155 270 4221 siut,
286 4155 476 4231 inspiciamus.
511 4155 536 4212 Ii
550 4157 597 4232 qui
611 4159 688 4232 psius
701 4157 862 4214 incolebant
876 4157 1046 4231 AEgyptum,
1061 4156 1155 4213 vitiosi
1168 4155 1301 4230 pravique

204 4233 357 4300 daemones,
382 4255 433 4311 per
459 4236 548 4293 multa
575 4237 677 4294 saecula
705 4238 733 4294 ia
762 4236 938 4293 simulachris
961 4236 1115 4299 latitantes,
1138 4236 1302 4307 animasque
