<?xml version="1.0" encoding="UTF-8"?>
<!DOCTYPE html PUBLIC "-//W3C//DTD XHTML 1.0 Transitional//EN"
    "http://www.w3.org/TR/xhtml1/DTD/xhtml1-transitional.dtd">
<html xmlns="http://www.w3.org/1999/xhtml" xml:lang="en" lang="en">
 <head>
  <title>
</title>
<meta http-equiv="Content-Type" content="text/html;charset=utf-8" />
  <meta name='ocr-system' content='tesseract 3.04.00' />
  <meta name='ocr-capabilities' content='ocr_page ocr_carea ocr_par ocr_line ocrx_word'/>
</head>
<body>
  <div class='ocr_page' id='page_1' title='image "./evangelicaedemo00donagoog/evangelicaedemo00donagoog_0424.png"; bbox 0 0 3120 4716; ppageno 0'>
   <div class='ocr_carea' id='block_1_1' title="bbox 442 267 1303 355">
    <p class='ocr_par' dir='ltr' id='par_1_1' title="bbox 442 267 1303 355">
     <span class='ocr_line' id='line_1_1' title="bbox 442 267 1303 355; baseline 0.006 -25"><span class='ocrx_word' id='word_1_1' title='bbox 442 267 668 334; x_wconf 84' lang='lat' dir='ltr'>DEMONST.</span> <span class='ocrx_word' id='word_1_2' title='bbox 696 270 864 334; x_wconf 83' lang='lat' dir='ltr'><strong>EVANG.</strong></span> <span class='ocrx_word' id='word_1_3' title='bbox 892 271 937 333; x_wconf 90' lang='lat' dir='ltr'><strong>X.</strong></span> <span class='ocrx_word' id='word_1_4' title='bbox 957 291 984 355; x_wconf 86' lang='lat'><strong>3.</strong></span> <span class='ocrx_word' id='word_1_5' title='bbox 1239 272 1303 336; x_wconf 78' lang='lat'><strong>937</strong></span> 
     </span>
    </p>
   </div>
   <div class='ocr_carea' id='block_1_2' title="bbox 166 429 1341 1792">
    <p class='ocr_par' dir='ltr' id='par_1_2' title="bbox 166 429 1341 1792">
     <span class='ocr_line' id='line_1_2' title="bbox 194 429 1300 535; baseline 0.006 -28"><span class='ocrx_word' id='word_1_6' title='bbox 194 429 313 531; x_wconf 82' lang='grc' dir='ltr'>ἕτερον</span> <span class='ocrx_word' id='word_1_7' title='bbox 331 434 409 510; x_wconf 84' lang='grc' dir='ltr'>ἀντὶ</span> <span class='ocrx_word' id='word_1_8' title='bbox 427 441 490 511; x_wconf 81' lang='grc' dir='ltr'><strong>τοῦ</strong></span> <span class='ocrx_word' id='word_1_9' title='bbox 508 435 626 513; x_wconf 80' lang='grc' dir='ltr'>Ἰούδα</span> <span class='ocrx_word' id='word_1_10' title='bbox 645 437 716 512; x_wconf 84' lang='grc' dir='ltr'>δεῖν</span> <span class='ocrx_word' id='word_1_11' title='bbox 733 443 959 535; x_wconf 82' lang='grc' dir='ltr'>παραλαβεῖν</span> <span class='ocrx_word' id='word_1_12' title='bbox 977 441 1025 517; x_wconf 88' lang='grc' dir='ltr'><strong>εῖς</strong></span> <span class='ocrx_word' id='word_1_13' title='bbox 1043 432 1106 513; x_wconf 82' lang='grc' dir='ltr'><strong>τὸν</strong></span> <span class='ocrx_word' id='word_1_14' title='bbox 1130 437 1300 514; x_wconf 86' lang='grc' dir='ltr'>λείποντα</span> 
     </span>
     <span class='ocr_line' id='line_1_3' title="bbox 193 557 1341 666; baseline 0.01 -32"><span class='ocrx_word' id='word_1_15' title='bbox 193 563 266 635; x_wconf 83' lang='grc' dir='ltr'><strong>τῶν</strong></span> <span class='ocrx_word' id='word_1_16' title='bbox 288 557 423 638; x_wconf 76' lang='grc' dir='ltr'>δώδεκα</span> <span class='ocrx_word' id='word_1_17' title='bbox 446 559 665 640; x_wconf 84' lang='grc' dir='ltr'>ἀποστόλων</span> <span class='ocrx_word' id='word_1_18' title='bbox 684 561 844 663; x_wconf 79' lang='grc' dir='ltr'>ἀριθμὸν,</span> <span class='ocrx_word' id='word_1_19' title='bbox 865 561 961 644; x_wconf 79' lang='grc' dir='ltr'>ὅπως</span> <span class='ocrx_word' id='word_1_20' title='bbox 979 569 1156 666; x_wconf 79' lang='grc' dir='ltr'>πληρωθῇ</span> <span class='ocrx_word' id='word_1_21' title='bbox 1174 562 1216 641; x_wconf 81' lang='grc' dir='ltr'><strong>τὸ</strong></span> <span class='ocrx_word' id='word_1_22' title='bbox 1236 568 1299 660; x_wconf 76' lang='grc' dir='ltr'><strong>τῆς</strong></span> <span class='ocrx_word' id='word_1_23' title='bbox 1312 603 1341 639; x_wconf 85' lang='grc' dir='ltr'><strong>ιο</strong></span> 
     </span>
     <span class='ocr_line' id='line_1_4' title="bbox 192 685 1298 793; baseline 0.01 -32"><span class='ocrx_word' id='word_1_24' title='bbox 192 686 423 788; x_wconf 77' lang='grc' dir='ltr'>προφητείας·</span> <span class='ocrx_word' id='word_1_25' title='bbox 474 685 533 764; x_wconf 84' lang='grc' dir='ltr'><strong>ὅτε</strong></span> <span class='ocrx_word' id='word_1_26' title='bbox 566 685 702 788; x_wconf 85' lang='grc' dir='ltr'>κλήρου</span> <span class='ocrx_word' id='word_1_27' title='bbox 740 687 941 788; x_wconf 74' lang='grc' dir='ltr'>γενομένου,</span> <span class='ocrx_word' id='word_1_28' title='bbox 975 686 1087 766; x_wconf 78' lang='grc' dir='ltr'>ίπετεν</span> <span class='ocrx_word' id='word_1_29' title='bbox 1125 697 1141 767; x_wconf 86' lang='lat' dir='ltr'><strong>i</strong></span> <span class='ocrx_word' id='word_1_30' title='bbox 1181 686 1298 793; x_wconf 61' lang='lat' dir='ltr'><strong>adipes</strong></span> 
     </span>
     <span class='ocr_line' id='line_1_5' title="bbox 193 805 1327 919; baseline 0.006 -35"><span class='ocrx_word' id='word_1_31' title='bbox 193 807 248 886; x_wconf 73' lang='grc' dir='ltr'><strong>ἐπὶ</strong></span> <span class='ocrx_word' id='word_1_32' title='bbox 284 808 453 899; x_wconf 75' lang='grc' dir='ltr'>Ματθίαν,</span> <span class='ocrx_word' id='word_1_33' title='bbox 490 819 549 889; x_wconf 73' lang='grc' dir='ltr'>καὶ</span> <span class='ocrx_word' id='word_1_34' title='bbox 587 805 904 919; x_wconf 59' lang='grc' dir='ltr'>συνκατεψηφίσθη</span> <span class='ocrx_word' id='word_1_35' title='bbox 943 810 1033 915; x_wconf 77' lang='grc' dir='ltr'>μετα</span> <span class='ocrx_word' id='word_1_36' title='bbox 1071 812 1131 890; x_wconf 74' lang='grc' dir='ltr'>ταῖν</span> <span class='ocrx_word' id='word_1_37' title='bbox 1164 807 1327 891; x_wconf 72' lang='grc' dir='ltr'>διῖδεκαὶι</span> 
     </span>
     <span class='ocr_line' id='line_1_6' title="bbox 192 935 1297 1033; baseline 0.005 -24"><span class='ocrx_word' id='word_1_38' title='bbox 192 935 402 1012; x_wconf 84' lang='grc' dir='ltr'>ἀπιστίλων.</span> <span class='ocrx_word' id='word_1_39' title='bbox 453 936 604 1014; x_wconf 86' lang='grc' dir='ltr'>Τούτων</span> <span class='ocrx_word' id='word_1_40' title='bbox 632 939 743 1020; x_wconf 77' lang='grc' dir='ltr'>οὕτως</span> <span class='ocrx_word' id='word_1_41' title='bbox 770 937 1061 1033; x_wconf 73' lang='grc' dir='ltr'>ἐκτελεσθέντων,</span> <span class='ocrx_word' id='word_1_42' title='bbox 1081 935 1297 1016; x_wconf 73' lang='grc' dir='ltr'><strong>8ἀκόλουθον</strong></span> 
     </span>
     <span class='ocr_line' id='line_1_7' title="bbox 192 1055 1296 1168; baseline 0.005 -34"><span class='ocrx_word' id='word_1_43' title='bbox 192 1055 235 1134; x_wconf 82' lang='grc' dir='ltr'><strong>ἂν</strong></span> <span class='ocrx_word' id='word_1_44' title='bbox 262 1058 314 1157; x_wconf 77' lang='grc' dir='ltr'><strong>εἴη</strong></span> <span class='ocrx_word' id='word_1_45' title='bbox 336 1059 378 1137; x_wconf 82' lang='grc' dir='ltr'><strong>τὸ</strong></span> <span class='ocrx_word' id='word_1_46' title='bbox 407 1061 515 1162; x_wconf 69' lang='grc' dir='ltr'>λε’γον</span> <span class='ocrx_word' id='word_1_47' title='bbox 543 1064 581 1140; x_wconf 89' lang='grc' dir='ltr'><strong>ε’ν</strong></span> <span class='ocrx_word' id='word_1_48' title='bbox 607 1069 659 1168; x_wconf 79' lang='grc' dir='ltr'><strong>τῷ</strong></span> <span class='ocrx_word' id='word_1_49' title='bbox 685 1068 832 1167; x_wconf 76' lang='grc' dir='ltr'>Ψαλμῴ</span> <span class='ocrx_word' id='word_1_50' title='bbox 858 1060 1057 1164; x_wconf 86' lang='grc' dir='ltr'>πρόσωπον</span> <span class='ocrx_word' id='word_1_51' title='bbox 1083 1064 1149 1164; x_wconf 82' lang='grc' dir='ltr'><strong>οὐχ</strong></span> <span class='ocrx_word' id='word_1_52' title='bbox 1178 1063 1296 1163; x_wconf 80' lang='grc' dir='ltr'>ἕτερον</span> 
     </span>
     <span class='ocr_line' id='line_1_8' title="bbox 191 1182 1317 1293; baseline 0.004 -32"><span class='ocrx_word' id='word_1_53' title='bbox 191 1182 376 1282; x_wconf 62' lang='grc' dir='ltr'><strong>ιἡγεῖσθαι</strong></span> <span class='ocrx_word' id='word_1_54' title='bbox 403 1193 467 1262; x_wconf 85' lang='grc' dir='ltr'><strong>τοῦ</strong></span> <span class='ocrx_word' id='word_1_55' title='bbox 495 1190 661 1287; x_wconf 77' lang='grc' dir='ltr'>Σωτῆρος</span> <span class='ocrx_word' id='word_1_56' title='bbox 689 1188 800 1285; x_wconf 82' lang='grc' dir='ltr'>ἡμῶν,</span> <span class='ocrx_word' id='word_1_57' title='bbox 831 1187 869 1270; x_wconf 79' lang='grc' dir='ltr'><strong>ὃς</strong></span> <span class='ocrx_word' id='word_1_58' title='bbox 896 1195 948 1293; x_wconf 76' lang='grc' dir='ltr'><strong>τῷ</strong></span> <span class='ocrx_word' id='word_1_59' title='bbox 975 1189 1084 1288; x_wconf 83' lang='grc' dir='ltr'>πατρὶ</span> <span class='ocrx_word' id='word_1_60' title='bbox 1111 1184 1177 1284; x_wconf 86' lang='grc' dir='ltr'><strong>τὴν</strong></span> <span class='ocrx_word' id='word_1_61' title='bbox 1204 1191 1317 1266; x_wconf 81' lang='grc' dir='ltr'>ἀνα-5</span> 
     </span>
     <span class='ocr_line' id='line_1_9' title="bbox 191 1311 1296 1416; baseline 0.004 -31"><span class='ocrx_word' id='word_1_62' title='bbox 191 1314 423 1412; x_wconf 84' lang='grc' dir='ltr'>πεμφθεῖσαν</span> <span class='ocrx_word' id='word_1_63' title='bbox 450 1312 547 1416; x_wconf 75' lang='grc' dir='ltr'>αὐτῷ</span> <span class='ocrx_word' id='word_1_64' title='bbox 576 1311 675 1412; x_wconf 84' lang='grc' dir='ltr'>παρὰ</span> <span class='ocrx_word' id='word_1_65' title='bbox 702 1312 766 1390; x_wconf 86' lang='grc' dir='ltr'><strong>τὸν</strong></span> <span class='ocrx_word' id='word_1_66' title='bbox 793 1321 856 1390; x_wconf 86' lang='grc' dir='ltr'><strong>τοῦ</strong></span> <span class='ocrx_word' id='word_1_67' title='bbox 885 1311 1021 1394; x_wconf 78' lang='grc' dir='ltr'>πάθους</span> <span class='ocrx_word' id='word_1_68' title='bbox 1046 1311 1168 1413; x_wconf 83' lang='grc' dir='ltr'>καιρὸν</span> <span class='ocrx_word' id='word_1_69' title='bbox 1189 1311 1296 1414; x_wconf 84' lang='grc' dir='ltr'>εὐχὴν</span> 
     </span>
     <span class='ocr_line' id='line_1_10' title="bbox 191 1435 1295 1542; baseline -0.002 -26"><span class='ocrx_word' id='word_1_70' title='bbox 191 1438 254 1532; x_wconf 78' lang='grc' dir='ltr'><strong>τῆς</strong></span> <span class='ocrx_word' id='word_1_71' title='bbox 287 1435 344 1513; x_wconf 80' lang='grc' dir='ltr'><strong>διὰ</strong></span> <span class='ocrx_word' id='word_1_72' title='bbox 376 1445 440 1515; x_wconf 82' lang='grc' dir='ltr'><strong>τοῦ</strong></span> <span class='ocrx_word' id='word_1_73' title='bbox 475 1437 577 1538; x_wconf 85' lang='grc' dir='ltr'>ἁγίου</span> <span class='ocrx_word' id='word_1_74' title='bbox 611 1435 820 1533; x_wconf 83' lang='grc' dir='ltr'>Πνεύματος</span> <span class='ocrx_word' id='word_1_75' title='bbox 852 1440 1065 1542; x_wconf 81' lang='grc' dir='ltr'>ἀναγραφῆς</span> <span class='ocrx_word' id='word_1_76' title='bbox 1096 1435 1295 1537; x_wconf 79' lang='grc' dir='ltr'>προλαβὼν</span> 
     </span>
     <span class='ocr_line' id='line_1_11' title="bbox 191 1559 1291 1663; baseline 0.003 -28"><span class='ocrx_word' id='word_1_77' title='bbox 191 1559 403 1663; x_wconf 81' lang='grc' dir='ltr'>κατηξίωσε,</span> <span class='ocrx_word' id='word_1_78' title='bbox 422 1560 464 1638; x_wconf 83' lang='grc' dir='ltr'><strong>τὸ</strong></span> <span class='ocrx_word' id='word_1_79' title='bbox 482 1559 622 1658; x_wconf 79' lang='grc' dir='ltr'>με’λλον</span> <span class='ocrx_word' id='word_1_80' title='bbox 641 1565 720 1662; x_wconf 85' lang='grc' dir='ltr'>περὶ</span> <span class='ocrx_word' id='word_1_81' title='bbox 744 1563 852 1640; x_wconf 80' lang='grc' dir='ltr'>αὐτοῦ</span> <span class='ocrx_word' id='word_1_82' title='bbox 877 1560 1137 1660; x_wconf 71' lang='grc' dir='ltr'>συμβήσεσθαι</span> <span class='ocrx_word' id='word_1_83' title='bbox 1162 1562 1291 1640; x_wconf 88' lang='grc' dir='ltr'>θεσπί-</span> 
     </span>
     <span class='ocr_line' id='line_1_12' title="bbox 166 1686 1290 1792; baseline 0.004 -30"><span class='ocrx_word' id='word_1_84' title='bbox 166 1717 272 1770; x_wconf 72' lang='lat' dir='ltr'><strong>scae.</strong></span> <span class='ocrx_word' id='word_1_85' title='bbox 334 1690 454 1784; x_wconf 80' lang='grc' dir='ltr'>Φησῖν</span> <span class='ocrx_word' id='word_1_86' title='bbox 479 1688 586 1783; x_wconf 55' lang='lat' dir='ltr'><strong>odai</strong></span> <span class='ocrx_word' id='word_1_87' title='bbox 613 1687 699 1772; x_wconf 70' lang='grc' dir='ltr'>Θελς</span> <span class='ocrx_word' id='word_1_88' title='bbox 724 1687 777 1780; x_wconf 79' lang='lat' dir='ltr'><strong>rip</strong></span> <span class='ocrx_word' id='word_1_89' title='bbox 801 1692 919 1767; x_wconf 81' lang='grc' dir='ltr'>αίιεσίν</span> <span class='ocrx_word' id='word_1_90' title='bbox 944 1725 1009 1790; x_wconf 86' lang='grc' dir='ltr'><strong>μου</strong></span> <span class='ocrx_word' id='word_1_91' title='bbox 1034 1686 1082 1790; x_wconf 71' lang='grc' dir='ltr'><strong>μή</strong></span> <span class='ocrx_word' id='word_1_92' title='bbox 1109 1723 1290 1792; x_wconf 85' lang='grc' dir='ltr'>παρασιω-</span> 
     </span>
    </p>
   </div>
   <div class='ocr_carea' id='block_1_3' title="bbox 189 1811 1333 1925">
    <p class='ocr_par' dir='ltr' id='par_1_3' title="bbox 189 1811 1333 1925">
     <span class='ocr_line' id='line_1_13' title="bbox 189 1811 1333 1925; baseline 0.006 -36"><span class='ocrx_word' id='word_1_93' title='bbox 189 1813 311 1925; x_wconf 82' lang='grc' dir='ltr'>πήσητ,</span> <span class='ocrx_word' id='word_1_94' title='bbox 332 1811 397 1910; x_wconf 88' lang='grc' dir='ltr'><strong>τὴν</strong></span> <span class='ocrx_word' id='word_1_95' title='bbox 416 1814 472 1892; x_wconf 79' lang='grc' dir='ltr'><strong>ὑπ’</strong></span> <span class='ocrx_word' id='word_1_96' title='bbox 488 1814 596 1891; x_wconf 83' lang='grc' dir='ltr'>αὑτοῦ</span> <span class='ocrx_word' id='word_1_97' title='bbox 614 1817 881 1914; x_wconf 84' lang='grc' dir='ltr'>παραδοθεῖσαν</span> <span class='ocrx_word' id='word_1_98' title='bbox 899 1821 972 1896; x_wconf 89' lang='grc' dir='ltr'>τοῖς</span> <span class='ocrx_word' id='word_1_99' title='bbox 991 1815 1098 1892; x_wconf 79' lang='grc' dir='ltr'>αὑτοῦ</span> <span class='ocrx_word' id='word_1_100' title='bbox 1116 1819 1291 1911; x_wconf 86' lang='grc' dir='ltr'>μαθηταῖς</span> <span class='ocrx_word' id='word_1_101' title='bbox 1303 1847 1333 1880; x_wconf 89' lang='lat'><strong>¹0</strong></span> 
     </span>
    </p>
   </div>
   <div class='ocr_carea' id='block_1_4' title="bbox 161 1937 1316 2793">
    <p class='ocr_par' dir='ltr' id='par_1_4' title="bbox 161 1937 1316 2793">
     <span class='ocr_line' id='line_1_14' title="bbox 188 1937 1316 2040; baseline 0.004 -28"><span class='ocrx_word' id='word_1_102' title='bbox 188 1940 426 2027; x_wconf 82' lang='grc' dir='ltr'>διδασκαλίαν</span> <span class='ocrx_word' id='word_1_103' title='bbox 444 1943 502 2016; x_wconf 79' lang='grc' dir='ltr'><strong>καὶ</strong></span> <span class='ocrx_word' id='word_1_104' title='bbox 520 1943 583 2035; x_wconf 79' lang='grc' dir='ltr'><strong>τῆς</strong></span> <span class='ocrx_word' id='word_1_105' title='bbox 609 1944 730 2035; x_wconf 83' lang='grc' dir='ltr'>καινῆς</span> <span class='ocrx_word' id='word_1_106' title='bbox 749 1937 917 2036; x_wconf 83' lang='grc' dir='ltr'>διαθήκης</span> <span class='ocrx_word' id='word_1_107' title='bbox 936 1939 1001 2035; x_wconf 84' lang='grc' dir='ltr'><strong>τὴν</strong></span> <span class='ocrx_word' id='word_1_108' title='bbox 1020 1939 1157 2017; x_wconf 87' lang='grc' dir='ltr'>α’ίνεσιν</span> <span class='ocrx_word' id='word_1_109' title='bbox 1174 1964 1316 2040; x_wconf 68' lang='grc' dir='ltr'>παρα-ν·</span> 
     </span>
     <span class='ocr_line' id='line_1_15' title="bbox 188 2060 1291 2167; baseline 0.007 -30"><span class='ocrx_word' id='word_1_110' title='bbox 188 2069 310 2139; x_wconf 82' lang='grc' dir='ltr'>καλῶν</span> <span class='ocrx_word' id='word_1_111' title='bbox 346 2060 397 2160; x_wconf 83' lang='grc' dir='ltr'><strong>μὴ</strong></span> <span class='ocrx_word' id='word_1_112' title='bbox 437 2069 759 2164; x_wconf 82' lang='grc' dir='ltr'>κατασιγασθῆναι,</span> <span class='ocrx_word' id='word_1_113' title='bbox 793 2061 893 2141; x_wconf 80' lang='grc' dir='ltr'>ἀλλὰ</span> <span class='ocrx_word' id='word_1_114' title='bbox 930 2066 988 2142; x_wconf 84' lang='grc' dir='ltr'><strong>καὶ</strong></span> <span class='ocrx_word' id='word_1_115' title='bbox 1024 2069 1072 2146; x_wconf 88' lang='grc' dir='ltr'><strong>είς</strong></span> <span class='ocrx_word' id='word_1_116' title='bbox 1109 2063 1172 2141; x_wconf 85' lang='grc' dir='ltr'><strong>τὸν</strong></span> <span class='ocrx_word' id='word_1_117' title='bbox 1208 2063 1291 2167; x_wconf 76' lang='grc' dir='ltr'>ἑξῆς</span> 
     </span>
     <span class='ocr_line' id='line_1_16' title="bbox 186 2184 1292 2293; baseline 0 -27"><span class='ocrx_word' id='word_1_118' title='bbox 186 2185 329 2266; x_wconf 81' lang='grc' dir='ltr'>ἅπαντα</span> <span class='ocrx_word' id='word_1_119' title='bbox 347 2194 458 2266; x_wconf 85' lang='grc' dir='ltr'>αῖῶνα</span> <span class='ocrx_word' id='word_1_120' title='bbox 475 2195 686 2289; x_wconf 88' lang='grc' dir='ltr'>παραμεῖναι</span> <span class='ocrx_word' id='word_1_121' title='bbox 706 2196 756 2293; x_wconf 72' lang='grc' dir='ltr'><strong>τῷ</strong></span> <span class='ocrx_word' id='word_1_122' title='bbox 774 2189 856 2293; x_wconf 81' lang='grc' dir='ltr'>βίῳ.</span> <span class='ocrx_word' id='word_1_123' title='bbox 896 2191 1015 2290; x_wconf 80' lang='grc' dir='ltr'>Στίμα</span> <span class='ocrx_word' id='word_1_124' title='bbox 1034 2184 1070 2266; x_wconf 74' lang='grc' dir='ltr'><strong>δὲ</strong></span> <span class='ocrx_word' id='word_1_125' title='bbox 1088 2191 1292 2290; x_wconf 82' lang='grc' dir='ltr'>ἀμαρτωλιῖῖ</span> 
     </span>
     <span class='ocr_line' id='line_1_17' title="bbox 190 2307 1291 2416; baseline 0.003 -26"><span class='ocrx_word' id='word_1_126' title='bbox 190 2318 248 2390; x_wconf 71' lang='grc' dir='ltr'>καὶ</span> <span class='ocrx_word' id='word_1_127' title='bbox 280 2313 393 2416; x_wconf 82' lang='grc' dir='ltr'>στίμα</span> <span class='ocrx_word' id='word_1_128' title='bbox 421 2307 531 2391; x_wconf 80' lang='grc' dir='ltr'>δολίου</span> <span class='ocrx_word' id='word_1_129' title='bbox 559 2313 686 2412; x_wconf 90' lang='grc' dir='ltr'>κυρίως</span> <span class='ocrx_word' id='word_1_130' title='bbox 711 2311 755 2390; x_wconf 82' lang='grc' dir='ltr'><strong>ἂν</strong></span> <span class='ocrx_word' id='word_1_131' title='bbox 783 2315 927 2415; x_wconf 88' lang='grc' dir='ltr'>λεχθείη</span> <span class='ocrx_word' id='word_1_132' title='bbox 955 2311 997 2391; x_wconf 82' lang='grc' dir='ltr'><strong>τὸ</strong></span> <span class='ocrx_word' id='word_1_133' title='bbox 1024 2321 1088 2391; x_wconf 85' lang='grc' dir='ltr'><strong>τοῦ</strong></span> <span class='ocrx_word' id='word_1_134' title='bbox 1106 2313 1232 2408; x_wconf 84' lang='grc' dir='ltr'>Ἰούδα,</span> <span class='ocrx_word' id='word_1_135' title='bbox 1252 2311 1291 2395; x_wconf 77' lang='grc' dir='ltr'><strong>ὃς</strong></span> 
     </span>
     <span class='ocr_line' id='line_1_18' title="bbox 185 2434 1310 2542; baseline -0.004 -26"><span class='ocrx_word' id='word_1_136' title='bbox 185 2439 368 2538; x_wconf 75' lang='grc' dir='ltr'>πορευθείς</span> <span class='ocrx_word' id='word_1_137' title='bbox 384 2434 475 2538; x_wconf 77' lang='grc' dir='ltr'>πρὸς</span> <span class='ocrx_word' id='word_1_138' title='bbox 494 2437 574 2520; x_wconf 79' lang='grc' dir='ltr'>τοὺς</span> <span class='ocrx_word' id='word_1_139' title='bbox 593 2441 763 2540; x_wconf 84' lang='grc' dir='ltr'>ἀρχιερεῖς</span> <span class='ocrx_word' id='word_1_140' title='bbox 781 2435 877 2519; x_wconf 82' lang='grc' dir='ltr'>εἶπεν</span> <span class='ocrx_word' id='word_1_141' title='bbox 895 2441 1022 2534; x_wconf 80' lang='grc' dir='ltr'>αὐτοῖς,</span> <span class='ocrx_word' id='word_1_142' title='bbox 1041 2441 1075 2517; x_wconf 87' lang='grc' dir='ltr'><strong>τί</strong></span> <span class='ocrx_word' id='word_1_143' title='bbox 1097 2437 1211 2518; x_wconf 78' lang='grc' dir='ltr'>θίλετέ</span> <span class='ocrx_word' id='word_1_144' title='bbox 1230 2463 1310 2542; x_wconf 70' lang='grc' dir='ltr'>μοις</span> 
     </span>
     <span class='ocr_line' id='line_1_19' title="bbox 187 2556 1291 2669; baseline 0.002 -30"><span class='ocrx_word' id='word_1_145' title='bbox 187 2556 306 2651; x_wconf 68' lang='grc' dir='ltr'>δοῦναι,</span> <span class='ocrx_word' id='word_1_146' title='bbox 328 2559 429 2662; x_wconf 64' lang='lat' dir='ltr'><strong>asyli</strong></span> <span class='ocrx_word' id='word_1_147' title='bbox 451 2567 524 2665; x_wconf 78' lang='grc' dir='ltr'>ὑμῖν</span> <span class='ocrx_word' id='word_1_148' title='bbox 548 2559 742 2667; x_wconf 73' lang='grc' dir='ltr'>παραδώσω</span> <span class='ocrx_word' id='word_1_149' title='bbox 766 2564 880 2656; x_wconf 76' lang='grc' dir='ltr'>αὐτίνς</span> <span class='ocrx_word' id='word_1_150' title='bbox 911 2573 938 2642; x_wconf 84' lang='lat' dir='ltr'><strong>ci</strong></span> <span class='ocrx_word' id='word_1_151' title='bbox 966 2559 1001 2641; x_wconf 76' lang='grc' dir='ltr'><strong>ἀὲ</strong></span> <span class='ocrx_word' id='word_1_152' title='bbox 1030 2563 1171 2654; x_wconf 71' lang='grc' dir='ltr'>ἔστησαν</span> <span class='ocrx_word' id='word_1_153' title='bbox 1199 2570 1291 2669; x_wconf 76' lang='grc' dir='ltr'>αὐτῷ</span> 
     </span>
     <span class='ocr_line' id='line_1_20' title="bbox 161 2686 1288 2793; baseline 0.006 -34"><span class='ocrx_word' id='word_1_154' title='bbox 161 2687 361 2792; x_wconf 77' lang='grc' dir='ltr'>στριάιιοιτα</span> <span class='ocrx_word' id='word_1_155' title='bbox 381 2686 561 2792; x_wconf 66' lang='grc' dir='ltr'>στατήρας.</span> <span class='ocrx_word' id='word_1_156' title='bbox 624 2697 692 2764; x_wconf 74' lang='grc' dir='ltr'>Καὶ</span> <span class='ocrx_word' id='word_1_157' title='bbox 719 2687 790 2764; x_wconf 69' lang='grc' dir='ltr'><strong>ἀπὶ</strong></span> <span class='ocrx_word' id='word_1_158' title='bbox 816 2689 887 2766; x_wconf 79' lang='lat' dir='ltr'><strong>rire</strong></span> <span class='ocrx_word' id='word_1_159' title='bbox 911 2689 1011 2793; x_wconf 78' lang='grc' dir='ltr'>ἐζήτει</span> <span class='ocrx_word' id='word_1_160' title='bbox 1037 2692 1215 2792; x_wconf 79' lang='grc' dir='ltr'>εὐκαιρίαν,</span> <span class='ocrx_word' id='word_1_161' title='bbox 1232 2689 1288 2766; x_wconf 85' lang='grc' dir='ltr'>’ίνα</span> 
     </span>
    </p>
   </div>
   <div class='ocr_carea' id='block_1_5' title="bbox 187 2859 1286 2996">
    <p class='ocr_par' dir='ltr' id='par_1_5' title="bbox 187 2859 1286 2996">
     <span class='ocr_line' id='line_1_21' title="bbox 187 2859 1286 2996; baseline 0.003 -82"><span class='ocrx_word' id='word_1_162' title='bbox 187 2868 239 2994; x_wconf 61' lang='lat' dir='ltr'><strong>Eli</strong></span> <span class='ocrx_word' id='word_1_163' title='bbox 253 2859 412 2996; x_wconf 50' lang='lat' dir='ltr'><strong>dgpplppgor]</strong></span> <span class='ocrx_word' id='word_1_164' title='bbox 429 2861 572 2916; x_wconf 79' lang='grc' dir='ltr'>ἀκόλουθον</span> <span class='ocrx_word' id='word_1_165' title='bbox 587 2863 615 2916; x_wconf 92' lang='lat' dir='ltr'><strong>S.</strong></span> <span class='ocrx_word' id='word_1_166' title='bbox 779 2860 790 2902; x_wconf 65' lang='lat'>2</span> <span class='ocrx_word' id='word_1_167' title='bbox 804 2863 922 2934; x_wconf 71' lang='grc' dir='ltr'>ἡγεῖσθαι</span> <span class='ocrx_word' id='word_1_168' title='bbox 937 2864 998 2917; x_wconf 83' lang='lat' dir='ltr'><strong>add.</strong></span> <span class='ocrx_word' id='word_1_169' title='bbox 1016 2863 1047 2919; x_wconf 90' lang='lat' dir='ltr'><strong>P.</strong></span> <span class='ocrx_word' id='word_1_170' title='bbox 1076 2863 1195 2934; x_wconf 76' lang='grc' dir='ltr'>ἡγεῖσθαι</span> <span class='ocrx_word' id='word_1_171' title='bbox 1208 2866 1286 2918; x_wconf 83' lang='grc' dir='ltr'>τοῦτο</span> 
     </span>
    </p>
   </div>
   <div class='ocr_carea' id='block_1_6' title="bbox 178 3081 1284 4350">
    <p class='ocr_par' dir='ltr' id='par_1_6' title="bbox 178 3081 1284 4350">
     <span class='ocr_line' id='line_1_22' title="bbox 184 3081 1284 3158; baseline 0.004 -22"><span class='ocrx_word' id='word_1_172' title='bbox 184 3081 252 3137; x_wconf 84' lang='lat' dir='ltr'><strong>talia</strong></span> <span class='ocrx_word' id='word_1_173' title='bbox 273 3081 401 3145; x_wconf 83' lang='lat' dir='ltr'><strong>dixisset,</strong></span> <span class='ocrx_word' id='word_1_174' title='bbox 414 3082 542 3156; x_wconf 75' lang='lat' dir='ltr'><strong>subjecit</strong></span> <span class='ocrx_word' id='word_1_175' title='bbox 563 3082 591 3138; x_wconf 91' lang='lat' dir='ltr'><strong>in</strong></span> <span class='ocrx_word' id='word_1_176' title='bbox 613 3083 708 3139; x_wconf 89' lang='lat' dir='ltr'><strong>locum</strong></span> <span class='ocrx_word' id='word_1_177' title='bbox 729 3082 811 3139; x_wconf 86' lang='lat' dir='ltr'><strong>Judae</strong></span> <span class='ocrx_word' id='word_1_178' title='bbox 836 3082 922 3139; x_wconf 91' lang='lat' dir='ltr'><strong>alium</strong></span> <span class='ocrx_word' id='word_1_179' title='bbox 941 3082 1045 3138; x_wconf 80' lang='lat' dir='ltr'>assumi</span> <span class='ocrx_word' id='word_1_180' title='bbox 1068 3090 1208 3156; x_wconf 81' lang='lat' dir='ltr'><strong>oportere,</strong></span> <span class='ocrx_word' id='word_1_181' title='bbox 1228 3103 1284 3158; x_wconf 92' lang='lat' dir='ltr'><strong>quo</strong></span> 
     </span>
     <span class='ocr_line' id='line_1_23' title="bbox 184 3161 1282 3236; baseline 0.005 -21"><span class='ocrx_word' id='word_1_182' title='bbox 184 3161 331 3218; x_wconf 81' lang='lat' dir='ltr'><strong>duodecim</strong></span> <span class='ocrx_word' id='word_1_183' title='bbox 353 3163 546 3235; x_wconf 88' lang='lat' dir='ltr'><strong>apostolorum</strong></span> <span class='ocrx_word' id='word_1_184' title='bbox 567 3181 711 3226; x_wconf 90' lang='lat' dir='ltr'><strong>numerus,</strong></span> <span class='ocrx_word' id='word_1_185' title='bbox 727 3163 774 3234; x_wconf 91' lang='lat' dir='ltr'><strong>qui</strong></span> <span class='ocrx_word' id='word_1_186' title='bbox 795 3161 950 3219; x_wconf 84' lang='lat' dir='ltr'><strong>diminutus</strong></span> <span class='ocrx_word' id='word_1_187' title='bbox 968 3162 1068 3226; x_wconf 81' lang='lat' dir='ltr'><strong>iuerat,</strong></span> <span class='ocrx_word' id='word_1_188' title='bbox 1084 3164 1282 3236; x_wconf 84' lang='lat' dir='ltr'><strong>compleretur,</strong></span> 
     </span>
     <span class='ocr_line' id='line_1_24' title="bbox 184 3241 1281 3316; baseline 0.004 -20"><span class='ocrx_word' id='word_1_189' title='bbox 184 3249 216 3296; x_wconf 91' lang='lat' dir='ltr'><strong>ut</strong></span> <span class='ocrx_word' id='word_1_190' title='bbox 236 3242 384 3316; x_wconf 84' lang='lat' dir='ltr'><strong>prophetia</strong></span> <span class='ocrx_word' id='word_1_191' title='bbox 408 3260 490 3298; x_wconf 88' lang='lat' dir='ltr'><strong>suum</strong></span> <span class='ocrx_word' id='word_1_192' title='bbox 512 3243 598 3298; x_wconf 86' lang='lat' dir='ltr'><strong>finem</strong></span> <span class='ocrx_word' id='word_1_193' title='bbox 621 3243 808 3314; x_wconf 88' lang='lat' dir='ltr'><strong>contingeret.</strong></span> <span class='ocrx_word' id='word_1_194' title='bbox 851 3241 917 3308; x_wconf 86' lang='lat' dir='ltr'><strong>Quo</strong></span> <span class='ocrx_word' id='word_1_195' title='bbox 941 3242 1026 3298; x_wconf 88' lang='lat' dir='ltr'><strong>etiam</strong></span> <span class='ocrx_word' id='word_1_196' title='bbox 1045 3250 1173 3316; x_wconf 89' lang='lat' dir='ltr'><strong>tempore</strong></span> <span class='ocrx_word' id='word_1_197' title='bbox 1196 3262 1281 3316; x_wconf 91' lang='lat' dir='ltr'><strong>quum</strong></span> 
     </span>
     <span class='ocr_line' id='line_1_25' title="bbox 183 3321 1281 3395; baseline 0.002 -19"><span class='ocrx_word' id='word_1_198' title='bbox 183 3339 245 3376; x_wconf 89' lang='lat' dir='ltr'><strong>sors</strong></span> <span class='ocrx_word' id='word_1_199' title='bbox 255 3322 334 3395; x_wconf 86' lang='lat' dir='ltr'><strong>jacta</strong></span> <span class='ocrx_word' id='word_1_200' title='bbox 350 3329 434 3386; x_wconf 88' lang='lat' dir='ltr'><strong>esset,</strong></span> <span class='ocrx_word' id='word_1_201' title='bbox 449 3339 480 3377; x_wconf 85' lang='lat' dir='ltr'><strong>ea</strong></span> <span class='ocrx_word' id='word_1_202' title='bbox 501 3323 596 3378; x_wconf 83' lang='lat' dir='ltr'><strong>cecidit</strong></span> <span class='ocrx_word' id='word_1_203' title='bbox 616 3339 699 3394; x_wconf 80' lang='lat' dir='ltr'><strong>super</strong></span> <span class='ocrx_word' id='word_1_204' title='bbox 715 3321 874 3384; x_wconf 78' lang='lat' dir='ltr'><strong>Manlium,</strong></span> <span class='ocrx_word' id='word_1_205' title='bbox 889 3329 915 3376; x_wconf 84' lang='lat' dir='ltr'><strong>et</strong></span> <span class='ocrx_word' id='word_1_206' title='bbox 936 3330 1140 3376; x_wconf 78' lang='lat' dir='ltr'><strong>coarrameratus</strong></span> <span class='ocrx_word' id='word_1_207' title='bbox 1160 3329 1199 3377; x_wconf 84' lang='lat' dir='ltr'><strong>est</strong></span> <span class='ocrx_word' id='word_1_208' title='bbox 1220 3341 1281 3378; x_wconf 85' lang='lat' dir='ltr'><strong>cum</strong></span> 
     </span>
     <span class='ocr_line' id='line_1_26' title="bbox 183 3400 1280 3475; baseline 0.001 -19"><span class='ocrx_word' id='word_1_209' title='bbox 183 3403 322 3457; x_wconf 85' lang='lat' dir='ltr'><strong>duodecim</strong></span> <span class='ocrx_word' id='word_1_210' title='bbox 342 3403 485 3473; x_wconf 80' lang='lat' dir='ltr'><strong>apostolis.</strong></span> <span class='ocrx_word' id='word_1_211' title='bbox 528 3401 622 3462; x_wconf 90' lang='lat' dir='ltr'><strong>Quum</strong></span> <span class='ocrx_word' id='word_1_212' title='bbox 645 3401 706 3456; x_wconf 85' lang='lat' dir='ltr'><strong>haec</strong></span> <span class='ocrx_word' id='word_1_213' title='bbox 722 3400 810 3475; x_wconf 88' lang='lat' dir='ltr'><strong>igitur</strong></span> <span class='ocrx_word' id='word_1_214' title='bbox 823 3401 852 3454; x_wconf 90' lang='lat' dir='ltr'><strong>in</strong></span> <span class='ocrx_word' id='word_1_215' title='bbox 866 3400 941 3455; x_wconf 90' lang='lat' dir='ltr'><strong>hunc</strong></span> <span class='ocrx_word' id='word_1_216' title='bbox 956 3400 1072 3456; x_wconf 93' lang='lat' dir='ltr'><strong>modum</strong></span> <span class='ocrx_word' id='word_1_217' title='bbox 1086 3413 1201 3472; x_wconf 86' lang='lat' dir='ltr'><strong>peracta</strong></span> <span class='ocrx_word' id='word_1_218' title='bbox 1214 3400 1280 3464; x_wconf 88' lang='lat' dir='ltr'><strong>sint,</strong></span> 
     </span>
     <span class='ocr_line' id='line_1_27' title="bbox 183 3479 1281 3554; baseline 0 -18"><span class='ocrx_word' id='word_1_219' title='bbox 183 3481 308 3554; x_wconf 91' lang='lat' dir='ltr'><strong>sequitur</strong></span> <span class='ocrx_word' id='word_1_220' title='bbox 327 3490 357 3538; x_wconf 92' lang='lat' dir='ltr'><strong>ut</strong></span> <span class='ocrx_word' id='word_1_221' title='bbox 379 3499 528 3554; x_wconf 85' lang='lat' dir='ltr'><strong>personam</strong></span> <span class='ocrx_word' id='word_1_222' title='bbox 548 3500 610 3554; x_wconf 85' lang='lat' dir='ltr'><strong>quae</strong></span> <span class='ocrx_word' id='word_1_223' title='bbox 629 3481 658 3536; x_wconf 92' lang='lat' dir='ltr'><strong>in</strong></span> <span class='ocrx_word' id='word_1_224' title='bbox 679 3480 734 3536; x_wconf 92' lang='lat' dir='ltr'><strong>boc</strong></span> <span class='ocrx_word' id='word_1_225' title='bbox 752 3480 864 3536; x_wconf 79' lang='lat' dir='ltr'><strong>Psalmo</strong></span> <span class='ocrx_word' id='word_1_226' title='bbox 885 3479 1010 3552; x_wconf 91' lang='lat' dir='ltr'><strong>loquitur</strong></span> <span class='ocrx_word' id='word_1_227' title='bbox 1034 3498 1092 3535; x_wconf 91' lang='lat' dir='ltr'><strong>non</strong></span> <span class='ocrx_word' id='word_1_228' title='bbox 1114 3480 1197 3534; x_wconf 87' lang='lat' dir='ltr'><strong>aliam</strong></span> <span class='ocrx_word' id='word_1_229' title='bbox 1218 3497 1281 3536; x_wconf 87' lang='lat' dir='ltr'><strong>esse</strong></span> 
     </span>
     <span class='ocr_line' id='line_1_28' title="bbox 183 3559 1280 3634; baseline -0.002 -18"><span class='ocrx_word' id='word_1_230' title='bbox 183 3561 352 3617; x_wconf 80' lang='lat' dir='ltr'><strong>arbitremur</strong></span> <span class='ocrx_word' id='word_1_231' title='bbox 370 3580 453 3633; x_wconf 92' lang='lat' dir='ltr'><strong>quam</strong></span> <span class='ocrx_word' id='word_1_232' title='bbox 469 3560 624 3617; x_wconf 85' lang='lat' dir='ltr'><strong>Salvatoris</strong></span> <span class='ocrx_word' id='word_1_233' title='bbox 644 3559 742 3624; x_wconf 82' lang='lat' dir='ltr'><strong>nostri,</strong></span> <span class='ocrx_word' id='word_1_234' title='bbox 758 3560 805 3631; x_wconf 92' lang='lat' dir='ltr'><strong>qui</strong></span> <span class='ocrx_word' id='word_1_235' title='bbox 824 3559 996 3634; x_wconf 80' lang='lat' dir='ltr'><strong>assignatam</strong></span> <span class='ocrx_word' id='word_1_236' title='bbox 1018 3559 1071 3615; x_wconf 87' lang='lat' dir='ltr'><strong>sibi</strong></span> <span class='ocrx_word' id='word_1_237' title='bbox 1090 3577 1107 3615; x_wconf 92' lang='lat' dir='ltr'><strong>a</strong></span> <span class='ocrx_word' id='word_1_238' title='bbox 1127 3567 1207 3633; x_wconf 88' lang='lat' dir='ltr'><strong>patre</strong></span> <span class='ocrx_word' id='word_1_239' title='bbox 1228 3559 1280 3614; x_wconf 87' lang='lat' dir='ltr'><strong>sub</strong></span> 
     </span>
     <span class='ocr_line' id='line_1_29' title="bbox 182 3637 1280 3714; baseline -0.001 -19"><span class='ocrx_word' id='word_1_240' title='bbox 182 3641 274 3713; x_wconf 90' lang='lat' dir='ltr'><strong>ipsum</strong></span> <span class='ocrx_word' id='word_1_241' title='bbox 295 3639 433 3714; x_wconf 84' lang='lat' dir='ltr'><strong>passionis</strong></span> <span class='ocrx_word' id='word_1_242' title='bbox 449 3649 561 3714; x_wconf 90' lang='lat' dir='ltr'><strong>tempus</strong></span> <span class='ocrx_word' id='word_1_243' title='bbox 583 3641 739 3696; x_wconf 88' lang='lat' dir='ltr'><strong>orationem</strong></span> <span class='ocrx_word' id='word_1_244' title='bbox 758 3640 870 3714; x_wconf 91' lang='lat' dir='ltr'><strong>publica</strong></span> <span class='ocrx_word' id='word_1_245' title='bbox 888 3647 968 3695; x_wconf 87' lang='lat' dir='ltr'><strong>tanto</strong></span> <span class='ocrx_word' id='word_1_246' title='bbox 987 3649 1053 3696; x_wconf 87' lang='lat' dir='ltr'><strong>ante</strong></span> <span class='ocrx_word' id='word_1_247' title='bbox 1071 3657 1122 3712; x_wconf 90' lang='lat' dir='ltr'><strong>per</strong></span> <span class='ocrx_word' id='word_1_248' title='bbox 1143 3637 1280 3712; x_wconf 88' lang='lat' dir='ltr'><strong>Spiritum</strong></span> 
     </span>
     <span class='ocr_line' id='line_1_30' title="bbox 182 3718 1280 3794; baseline -0.001 -18"><span class='ocrx_word' id='word_1_249' title='bbox 182 3729 310 3777; x_wconf 86' lang='lat' dir='ltr'><strong>sunctum</strong></span> <span class='ocrx_word' id='word_1_250' title='bbox 327 3720 515 3794; x_wconf 86' lang='lat' dir='ltr'><strong>descriptione</strong></span> <span class='ocrx_word' id='word_1_251' title='bbox 530 3720 673 3794; x_wconf 85' lang='lat' dir='ltr'><strong>dignatus,</strong></span> <span class='ocrx_word' id='word_1_252' title='bbox 689 3720 765 3793; x_wconf 94' lang='lat' dir='ltr'><strong>quod</strong></span> <span class='ocrx_word' id='word_1_253' title='bbox 784 3720 836 3776; x_wconf 90' lang='lat' dir='ltr'><strong>sibi</strong></span> <span class='ocrx_word' id='word_1_254' title='bbox 856 3739 909 3776; x_wconf 94' lang='lat' dir='ltr'><strong>usu</strong></span> <span class='ocrx_word' id='word_1_255' title='bbox 924 3726 1072 3774; x_wconf 86' lang='lat' dir='ltr'><strong>venturum</strong></span> <span class='ocrx_word' id='word_1_256' title='bbox 1095 3727 1155 3775; x_wconf 89' lang='lat' dir='ltr'><strong>erat</strong></span> <span class='ocrx_word' id='word_1_257' title='bbox 1169 3718 1280 3775; x_wconf 82' lang='lat' dir='ltr'><strong>cecinit.</strong></span> 
     </span>
     <span class='ocr_line' id='line_1_31' title="bbox 181 3797 1280 3874; baseline -0.002 -20"><span class='ocrx_word' id='word_1_258' title='bbox 181 3799 232 3856; x_wconf 87' lang='lat' dir='ltr'><strong>Ait</strong></span> <span class='ocrx_word' id='word_1_259' title='bbox 252 3800 348 3874; x_wconf 82' lang='lat' dir='ltr'><strong>igitur,</strong></span> <span class='ocrx_word' id='word_1_260' title='bbox 365 3801 443 3856; x_wconf 81' lang='lat' dir='ltr'><strong>Deus</strong></span> <span class='ocrx_word' id='word_1_261' title='bbox 464 3801 570 3855; x_wconf 83' lang='lat' dir='ltr'><strong>laudem</strong></span> <span class='ocrx_word' id='word_1_262' title='bbox 589 3819 674 3856; x_wconf 86' lang='lat' dir='ltr'><strong>mcum</strong></span> <span class='ocrx_word' id='word_1_263' title='bbox 696 3817 729 3854; x_wconf 84' lang='lat' dir='ltr'><strong>ne</strong></span> <span class='ocrx_word' id='word_1_264' title='bbox 750 3803 885 3856; x_wconf 76' lang='lat' dir='ltr'><strong>tacueris:</strong></span> <span class='ocrx_word' id='word_1_265' title='bbox 909 3798 956 3854; x_wconf 92' lang='lat' dir='ltr'><strong>ubi</strong></span> <span class='ocrx_word' id='word_1_266' title='bbox 975 3798 1105 3854; x_wconf 87' lang='lat' dir='ltr'><strong>videlicet</strong></span> <span class='ocrx_word' id='word_1_267' title='bbox 1121 3797 1280 3854; x_wconf 88' lang='lat' dir='ltr'><strong>doctrinam</strong></span> 
     </span>
     <span class='ocr_line' id='line_1_32' title="bbox 181 3878 1278 3953; baseline -0.002 -19"><span class='ocrx_word' id='word_1_268' title='bbox 181 3898 265 3953; x_wconf 85' lang='lat' dir='ltr'><strong>quam</strong></span> <span class='ocrx_word' id='word_1_269' title='bbox 290 3880 350 3953; x_wconf 87' lang='lat' dir='ltr'><strong>ipse</strong></span> <span class='ocrx_word' id='word_1_270' title='bbox 375 3879 432 3935; x_wconf 88' lang='lat' dir='ltr'><strong>suis</strong></span> <span class='ocrx_word' id='word_1_271' title='bbox 454 3879 597 3952; x_wconf 84' lang='lat' dir='ltr'><strong>discipulis</strong></span> <span class='ocrx_word' id='word_1_272' title='bbox 622 3879 738 3935; x_wconf 84' lang='lat' dir='ltr'><strong>tradidit</strong></span> <span class='ocrx_word' id='word_1_273' title='bbox 763 3887 792 3936; x_wconf 89' lang='lat' dir='ltr'><strong>et</strong></span> <span class='ocrx_word' id='word_1_274' title='bbox 811 3879 924 3934; x_wconf 90' lang='lat' dir='ltr'><strong>laudem</strong></span> <span class='ocrx_word' id='word_1_275' title='bbox 945 3879 1012 3934; x_wconf 82' lang='lat' dir='ltr'><strong>novi</strong></span> <span class='ocrx_word' id='word_1_276' title='bbox 1034 3878 1196 3933; x_wconf 83' lang='lat' dir='ltr'><strong>testamenti</strong></span> <span class='ocrx_word' id='word_1_277' title='bbox 1220 3896 1278 3932; x_wconf 96' lang='lat' dir='ltr'><strong>non</strong></span> 
     </span>
     <span class='ocr_line' id='line_1_33' title="bbox 180 3956 1278 4033; baseline -0.003 -18"><span class='ocrx_word' id='word_1_278' title='bbox 180 3977 242 4016; x_wconf 87' lang='lat' dir='ltr'><strong>esse</strong></span> <span class='ocrx_word' id='word_1_279' title='bbox 257 3959 440 4033; x_wconf 89' lang='lat' dir='ltr'><strong>premendam</strong></span> <span class='ocrx_word' id='word_1_280' title='bbox 456 3959 567 4015; x_wconf 89' lang='lat' dir='ltr'><strong>silentio</strong></span> <span class='ocrx_word' id='word_1_281' title='bbox 582 3959 756 4022; x_wconf 87' lang='lat' dir='ltr'><strong>exhortatur,</strong></span> <span class='ocrx_word' id='word_1_282' title='bbox 771 3959 864 4015; x_wconf 90' lang='lat' dir='ltr'><strong>sedin</strong></span> <span class='ocrx_word' id='word_1_283' title='bbox 879 3977 963 4013; x_wconf 89' lang='lat' dir='ltr'><strong>omne</strong></span> <span class='ocrx_word' id='word_1_284' title='bbox 982 3957 1107 4013; x_wconf 79' lang='lat' dir='ltr'><strong>futurum</strong></span> <span class='ocrx_word' id='word_1_285' title='bbox 1129 3975 1220 4012; x_wconf 83' lang='lat' dir='ltr'><strong>aevum</strong></span> <span class='ocrx_word' id='word_1_286' title='bbox 1242 3956 1278 4012; x_wconf 91' lang='lat' dir='ltr'><strong>ad</strong></span> 
     </span>
     <span class='ocr_line' id='line_1_34' title="bbox 179 4036 1276 4112; baseline -0.003 -19"><span class='ocrx_word' id='word_1_287' title='bbox 179 4039 245 4094; x_wconf 85' lang='lat' dir='ltr'><strong>vitae</strong></span> <span class='ocrx_word' id='word_1_288' title='bbox 260 4039 389 4096; x_wconf 85' lang='lat' dir='ltr'><strong>humanae</strong></span> <span class='ocrx_word' id='word_1_289' title='bbox 404 4039 554 4095; x_wconf 87' lang='lat' dir='ltr'><strong>utilitatem</strong></span> <span class='ocrx_word' id='word_1_290' title='bbox 568 4057 743 4112; x_wconf 86' lang='lat' dir='ltr'><strong>permanere.</strong></span> <span class='ocrx_word' id='word_1_291' title='bbox 781 4040 819 4092; x_wconf 84' lang='lat' dir='ltr'><strong>Os</strong></span> <span class='ocrx_word' id='word_1_292' title='bbox 833 4045 925 4093; x_wconf 74' lang='lat' dir='ltr'><strong>uatem</strong></span> <span class='ocrx_word' id='word_1_293' title='bbox 936 4039 1088 4110; x_wconf 77' lang='lat' dir='ltr'><strong>peccatoria</strong></span> <span class='ocrx_word' id='word_1_294' title='bbox 1101 4043 1127 4092; x_wconf 85' lang='lat' dir='ltr'><strong>et</strong></span> <span class='ocrx_word' id='word_1_295' title='bbox 1142 4055 1170 4090; x_wconf 85' lang='grc' dir='ltr'><strong>ος</strong></span> <span class='ocrx_word' id='word_1_296' title='bbox 1184 4036 1276 4096; x_wconf 81' lang='lat' dir='ltr'><strong>dolosi,</strong></span> 
     </span>
     <span class='ocr_line' id='line_1_35' title="bbox 179 4111 1278 4193; baseline -0.003 -20"><span class='ocrx_word' id='word_1_297' title='bbox 179 4138 212 4174; x_wconf 88' lang='lat' dir='ltr'><strong>cs</strong></span> <span class='ocrx_word' id='word_1_298' title='bbox 227 4119 313 4192; x_wconf 87' lang='lat' dir='ltr'><strong>ipsius</strong></span> <span class='ocrx_word' id='word_1_299' title='bbox 327 4118 411 4175; x_wconf 84' lang='lat' dir='ltr'><strong>Judae</strong></span> <span class='ocrx_word' id='word_1_300' title='bbox 432 4118 544 4193; x_wconf 88' lang='lat' dir='ltr'><strong>proprie</strong></span> <span class='ocrx_word' id='word_1_301' title='bbox 566 4119 753 4174; x_wconf 89' lang='lat' dir='ltr'><strong>nominaverit</strong></span> <span class='ocrx_word' id='word_1_302' title='bbox 767 4111 914 4191; x_wconf 90' lang='lat' dir='ltr'><strong>quispiam,</strong></span> <span class='ocrx_word' id='word_1_303' title='bbox 929 4117 975 4190; x_wconf 91' lang='lat' dir='ltr'><strong>qui</strong></span> <span class='ocrx_word' id='word_1_304' title='bbox 998 4135 1084 4189; x_wconf 89' lang='lat' dir='ltr'><strong>quum</strong></span> <span class='ocrx_word' id='word_1_305' title='bbox 1106 4115 1221 4172; x_wconf 89' lang='lat' dir='ltr'><strong>abiisset</strong></span> <span class='ocrx_word' id='word_1_306' title='bbox 1242 4116 1278 4170; x_wconf 94' lang='lat' dir='ltr'><strong>ad</strong></span> 
     </span>
     <span class='ocr_line' id='line_1_36' title="bbox 179 4195 1278 4273; baseline -0.004 -20"><span class='ocrx_word' id='word_1_307' title='bbox 179 4198 320 4273; x_wconf 84' lang='lat' dir='ltr'><strong>principes</strong></span> <span class='ocrx_word' id='word_1_308' title='bbox 345 4199 533 4260; x_wconf 86' lang='lat' dir='ltr'><strong>sacerdotum,</strong></span> <span class='ocrx_word' id='word_1_309' title='bbox 556 4199 596 4254; x_wconf 92' lang='lat' dir='ltr'><strong>eis</strong></span> <span class='ocrx_word' id='word_1_310' title='bbox 617 4197 696 4262; x_wconf 81' lang='lat' dir='ltr'><strong>dixit,</strong></span> <span class='ocrx_word' id='word_1_311' title='bbox 715 4197 788 4260; x_wconf 83' lang='lat' dir='ltr'><strong>Quid</strong></span> <span class='ocrx_word' id='word_1_312' title='bbox 808 4196 891 4252; x_wconf 84' lang='lat' dir='ltr'><strong>cultis</strong></span> <span class='ocrx_word' id='word_1_313' title='bbox 913 4195 980 4252; x_wconf 81' lang='lat' dir='ltr'><strong>mihi</strong></span> <span class='ocrx_word' id='word_1_314' title='bbox 1000 4199 1076 4262; x_wconf 86' lang='lat' dir='ltr'><strong>dare,</strong></span> <span class='ocrx_word' id='word_1_315' title='bbox 1098 4203 1124 4250; x_wconf 84' lang='lat' dir='ltr'><strong>et</strong></span> <span class='ocrx_word' id='word_1_316' title='bbox 1149 4215 1198 4268; x_wconf 75' lang='lat' dir='ltr'><strong>epo</strong></span> <span class='ocrx_word' id='word_1_317' title='bbox 1218 4213 1278 4251; x_wconf 85' lang='lat' dir='ltr'><strong>eam</strong></span> 
     </span>
     <span class='ocr_line' id='line_1_37' title="bbox 178 4275 1276 4350; baseline -0.004 -18"><span class='ocrx_word' id='word_1_318' title='bbox 178 4277 253 4333; x_wconf 77' lang='lat' dir='ltr'><strong>codis</strong></span> <span class='ocrx_word' id='word_1_319' title='bbox 268 4281 373 4334; x_wconf 82' lang='lat' dir='ltr'><strong>tradam</strong></span> <span class='ocrx_word' id='word_1_320' title='bbox 385 4280 402 4334; x_wconf 74' lang='lat' dir='ltr'>P</span> <span class='ocrx_word' id='word_1_321' title='bbox 416 4279 455 4334; x_wconf 79' lang='lat' dir='ltr'><strong>At</strong></span> <span class='ocrx_word' id='word_1_322' title='bbox 469 4278 511 4333; x_wconf 89' lang='lat' dir='ltr'><strong>illi</strong></span> <span class='ocrx_word' id='word_1_323' title='bbox 524 4279 720 4335; x_wconf 82' lang='lat' dir='ltr'><strong>constituerunt</strong></span> <span class='ocrx_word' id='word_1_324' title='bbox 733 4279 757 4331; x_wconf 84' lang='lat' dir='ltr'><strong>ei</strong></span> <span class='ocrx_word' id='word_1_325' title='bbox 772 4275 886 4350; x_wconf 79' lang='lat' dir='ltr'><strong>tripintc</strong></span> <span class='ocrx_word' id='word_1_326' title='bbox 901 4283 1021 4332; x_wconf 83' lang='lat' dir='ltr'><strong>stateres.</strong></span> <span class='ocrx_word' id='word_1_327' title='bbox 1046 4277 1083 4330; x_wconf 82' lang='lat' dir='ltr'><strong>Et</strong></span> <span class='ocrx_word' id='word_1_328' title='bbox 1098 4293 1130 4331; x_wconf 79' lang='lat' dir='ltr'><strong>ex</strong></span> <span class='ocrx_word' id='word_1_329' title='bbox 1144 4276 1191 4330; x_wconf 87' lang='lat' dir='ltr'><strong>illo</strong></span> <span class='ocrx_word' id='word_1_330' title='bbox 1206 4291 1276 4348; x_wconf 76' lang='lat' dir='ltr'><strong>quc-</strong></span> 
     </span>
    </p>
   </div>
   <div class='ocr_carea' id='block_1_7' title="bbox 221 4388 762 4442">
    <p class='ocr_par' dir='ltr' id='par_1_7' title="bbox 221 4388 762 4442">
     <span class='ocr_line' id='line_1_38' title="bbox 221 4388 762 4442; baseline 0 -16"><span class='ocrx_word' id='word_1_331' title='bbox 221 4391 286 4429; x_wconf 78' lang='lat' dir='ltr'><strong>voa.</strong></span> <span class='ocrx_word' id='word_1_332' title='bbox 302 4393 336 4430; x_wconf 88' lang='lat'><strong>11.</strong></span> <span class='ocrx_word' id='word_1_333' title='bbox 706 4388 723 4442; x_wconf 79' lang='lat'><em>3</em></span> <span class='ocrx_word' id='word_1_334' title='bbox 742 4391 762 4426; x_wconf 85' lang='lat' dir='ltr'><strong>rr</strong></span> 
     </span>
    </p>
   </div>
   <div class='ocr_carea' id='block_1_8' title="bbox 0 0 1564 4716">
    <p class='ocr_par' dir='ltr' id='par_1_8' title="bbox 0 0 1564 4716">
     <span class='ocr_line' id='line_1_39' title="bbox 0 0 1564 4716; baseline 0 7"><span class='ocrx_word' id='word_1_335' title='bbox 0 0 1564 4716; x_wconf 95' lang='lat' dir='ltr'><strong> </strong></span> 
     </span>
    </p>
   </div>
  </div>
 </body>
</html>
