3130 4722
76 233 214 298 -374
451 219 677 285 DEMONST.
702 223 871 286 EVANG.
897 223 997 286 VIII.
1016 245 1043 286 1.
1263 229 1325 292 745

226 387 345 486 φυλῆς
373 384 416 462 τὸ
450 385 601 489 ἀξίωμα,
630 384 810 490 καθῄρητο
837 384 875 463 δὲ
908 389 966 464 καὶ
994 387 1015 484 ἡ
1044 392 1115 464 τῶν
1144 387 1324 465 Ἰουδαίων

224 507 318 613 ἀρχή
331 543 369 589 τε
383 515 441 590 καὶ
456 513 636 609 βασιλεία,
647 511 865 614 πεπλήρωτο
885 513 922 592 δὲ
941 519 998 592 καὶ
1017 515 1038 612 ἡ
1057 515 1346 616 προτεταγμείιηε

222 639 433 741 προφητεία,
455 645 511 717 οὐκ
538 633 696 745 ἐκλείψει
722 640 832 744 ἅρχων
858 635 1124 746 ἑξ’1οόδα,ιύδέ
1149 640 1324 744 ήγοιίμενος

224 764 263 840 εἰι
281 761 341 840 reis
360 763 463 868 μηρῶν
481 767 590 855 αὐταί,
611 766 779 871 φήσασα,
799 765 859 852 ἕως
884 765 924 846 διν
949 766 1021 881 ἔλθη
1043 765 1089 845 roi
1112 773 1323 870 ἀποκείμενα

223 893 324 996 αὐτῷ,
345 889 386 969 δν
413 895 476 970 καί
491 900 585 998 φησι
604 892 823 994 γενήσεσθαι
850 894 891 971 οὐ
915 902 978 970 τοῦ
994 893 1174 971 Ἰουδαίων
1199 893 1321 976 ε”θνους

180 1015 321 1098 rodit&
339 1025 411 1096 τῶν
430 1018 517 1098 {dcciv
535 1015 747 1126 προσδοκίαν.
798 1021 944 1118 Ἐπειδὴ
967 1022 1085 1099 τοίνυν
1108 1021 1268 1100 ἀπέκειτο
1296 1022 1360 1118 ἡό

220 1139 405 1245 πρόπαλαι
427 1153 479 1250 τῷ
499 1145 669 1247 Ἀβραὰμ
691 1153 980 1250 χρηματισθεῖσα
1004 1151 1085 1244 ’τῆς
1111 1154 1183 1225 τῶν
1208 1149 1319 1227 ἐθνῶν

220 1269 382 1368 κλήσεως
411 1274 621 1373 προσδοκία,
649 1277 697 1357 ὡς
725 1271 769 1352 ἂν
798 1275 1059 1353 ἐκλελοιπότων
1085 1279 1158 1352 τῶν
1190 1277 1228 1352 ἐκ
1255 1283 1318 1352 τοῦ

218 1396 397 1476 Ἰουδαίων
428 1398 548 1482 ἔθνους
576 1398 759 1503 ἀρχόντων
786 1434 824 1477 τε
854 1403 911 1479 καὶ
944 1399 1157 1501 ἡγουμένων,
1184 1407 1347 1498 Ζμετα-(1

218 1519 361 1619 στείσης
379 1555 418 1600 τε
435 1526 499 1621 τῆς
518 1526 592 1602 κατ’
608 1521 735 1606 αὐτοὺς
753 1527 865 1627 ἀρχῆς
882 1526 939 1603 ἐπὶ
959 1522 1157 1620 Ῥωμαίους
1179 1520 1317 1600 καὶτὸν

217 1647 261 1753 ἐξ
281 1651 393 1727 ἐθνῶν
417 1649 661 1749 δεδηλωμένον
679 1650 857 1752 Ἡρώδην,
876 1650 1016 1733 εἰκότως
1036 1651 1055 1728 ό
1078 1648 1142 1746 μὲν
1165 1649 1313 1749 εὐαγγε-

218 1773 347 1873 λιστής
367 1782 520 1873 Λουκᾶς,
542 1777 858 1875 ε’πισημαινόμενος
885 1775 966 1859 τοὺς
990 1773 1139 1879 χρόνους
1166 1779 1229 1873 τῆς
1253 1777 1310 1853 ε’κ-

217 1901 371 2007 λείψεως
403 1909 475 1981 τῶν
503 1904 683 1982 Ἰουδαίων
714 1901 908 2006 ἀρχόντων,
941 1900 1006 2000 τὴν
1037 1899 1219 2005 καταρχὴν
1251 1905 1337 1999 τῆκε

216 2032 380 2128 Χριστοῦ
402 2031 636 2112 διδασκαλίας
665 2032 803 2129 ἱστορεῖ
826 2026 1008 2127 γεγονέναι
1034 2029 1072 2104 ἐν
1095 2025 1162 2105 ἕπει
1185 2060 1311 2105 πεντε-

215 2153 408 2261 καιδεκάτῳ
426 2160 487 2252 τῆς
507 2155 694 2254 ἡγεμονίας
712 2155 880 2254 Τιβερίου
906 2155 1101 2254 Καίσαρος,
1120 2152 1311 2254 ἡγεμονεύ-

214 2313 314 2364 οντος
335 2285 489 2360 Ποντίου
513 2280 676 2360 Πιλάτου
697 2284 760 2377 τῆς
778 2279 960 2372 Ἰουδαίας,
980 2285 1037 2358 καὶ
1065 2284 1252 2361 Ματθαΐος
1276 2279 1314 2358 δέ

143 2414 317 2490 ,ιιτοῦτο
340 2405 426 2484 αι’ντδ
451 2403 686 2502 αἰνιττόμενος
710 2407 888 2504 σημαίνει.
938 2404 1181 2510 Ὑπογρᾶψας
1205 2413 1352 2504 ξιγοῦνιο

210 2531 277 2630 τήν
304 2540 367 2611 τοῦ
399 2534 531 2633 Κυρίου
558 2534 616 2610 καὶ
648 2535 814 2634 Σωτῆρος
840 2533 939 2630 ἡμῶν
967 2531 1119 2631 γένεσιν,
1145 2531 1309 2632 ἐπιλέγει,

209 2660 273 2736 Tei
292 2654 329 2738 δὲ
346 2662 450 2750 Ἰησοῦ
467 2653 660 2759 γεννηθέντος
680 2661 710 2736 ἐν
729 2655 876 2762 Βηθλεὲμ
896 2658 952 2749 τής
970 2665 994 2738 '1
1000 2653 1149 2746 ουδαίαι,
1174 2661 1202 2736 ἐν
1227 2657 1308 2760 ήμέ·

208 2819 281 2890 ραις
308 2780 452 2885 Ἡρώδου
484 2787 539 2863 τιό
568 2785 757 2876 βασιλέως,
791 2784 858 2862 idcir
890 2785 1002 2886 μαίγοι
1035 2779 1107 2861 ιἰπό
1140 2781 1310 2861 αυατολῶν

208 2908 421 3015 παρεγίνοντο
442 2918 487 2993 εἰς
506 2910 733 3016 Ἱεροσόλυμα,
754 2907 918 3010 λέγοντες,
943 2913 1010 2987 Ποῦ
1035 2909 1119 2988 ἐστιν
1143 2917 1157 2988 i
1183 2906 1309 3005 τεχθεὶς

249 3063 263 3107 I
277 3057 323 3124 τῆς
336 3055 618 3110 τῶν-ἐκλελοιπότων
629 3055 658 3109 Ρ.
674 3056 735 3110 ndd.
750 3073 811 3109 cum
825 3055 979 3127 interprete.
1064 3066 1076 3095 '1¹
1090 3057 1250 3122 μετάστασις
1263 3059 1307 3124 τῆς

206 3139 262 3190 κατ’
278 3135 386 3209 αὐτοὺς]
404 3135 571 3205 μεταστάσης
583 3156 613 3189 τε
624 3137 669 3204 τῆς
685 3139 738 3190 κατ’
753 3136 832 3190 αὐτὸν
847 3136 876 3190 Ρ.
961 3135 1064 3208 ιγοῦν]
1082 3135 1104 3191 δ’
1119 3135 1164 3190 οὖν
1180 3138 1241 3193 Rs,

206 3245 279 3302 rium
293 3263 423 3320 rognum,
438 3246 579 3320 completa
592 3254 635 3303 est
650 3247 778 3321 proxime
797 3247 926 3322 exposito
946 3249 1103 3324 prophetia,
1121 3251 1184 3306 Non
1202 3250 1306 3324 deficiet

203 3331 331 3401 princeps
355 3330 389 3384 de
407 3329 492 3392 Jrrdo,
513 3345 597 3399 neque
615 3329 671 3383 ἀνα
692 3327 725 3383 de
738 3327 894 3404 semoribus
918 3327 985 3399 ejus,
1006 3331 1090 3385 donec
1113 3333 1222 3385 veniant
1246 3347 1306 3401 qrroe

205 3407 325 3481 reposita
339 3416 404 3463 runt
417 3409 451 3464 ei.
494 3406 523 3463 Η
526 3426 580 3464 une
594 3417 688 3464 entem
704 3407 772 3464 dicit
785 3408 911 3465 futurum
925 3427 982 3465 non
996 3408 1122 3465 Judaicae
1141 3407 1235 3482 gentis
1254 3407 1305 3464 sed

204 3491 325 3561 pertitam
348 3490 565 3561 espectotiorrem.
609 3488 751 3556 Quoniam
776 3488 863 3562 igitur
885 3489 1010 3562 reposita
1029 3497 1090 3544 eret
1108 3487 1155 3543 ills
1175 3487 1304 3560 gentium

204 3567 362 3624 vocationis
383 3568 554 3640 expectatio,
579 3587 641 3642 quae
669 3588 702 3625 ex
728 3568 841 3625 oraculo
866 3567 919 3643 ipsi
943 3569 1066 3624 Abrshae
1088 3567 1228 3642 promisse
1249 3575 1302 3630 est,

205 3665 290 3720 quum
305 3665 340 3704 ex
355 3647 375 3704 J
377 3648 475 3704 udaice
488 3657 575 3722 gente
585 3649 646 3722 jem
660 3648 830 3706 defecissent
843 3658 873 3705 et
886 3649 1025 3722 principes
1037 3656 1066 3705 et
1077 3648 1171 3711 duces,
1182 3646 1301 3702 transla-

204 3736 321 3802 tumque
343 3728 379 3784 eb
399 3747 433 3784 ea
454 3737 529 3784 esset
546 3729 694 3802 imperinm
713 3729 742 3784 in
757 3730 902 3785 Romanos
916 3737 945 3784 et
960 3729 988 3784 in
1002 3729 1080 3784 ilium
1096 3726 1251 3792 Herodem,
1267 3727 1302 3783 de

204 3825 260 3881 quo
279 3807 387 3864 dietum
409 3817 470 3864 est:
492 3809 595 3865 merito
616 3817 744 3881 tempore
765 3810 866 3883 quibus
879 3809 1044 3866 Judaeorum
1064 3807 1203 3881 principes
1224 3807 1300 3863 desc-

203 3887 309 3945 cissent
323 3889 416 3945 Lucos
429 3889 605 3962 evangelista
617 3889 791 3964 significans,
806 3889 916 3946 initium
935 3889 1070 3945 doctrinae
1085 3887 1191 3944 Christi
1206 3894 1302 3944 narrat

204 3966 308 4024 factum
331 3987 392 4025 esse
413 3969 442 4024 in
464 3987 538 4025 anno
559 3987 598 4024 xv
619 3969 729 4044 imperii
742 3970 849 4026 'I'iberii
868 3969 999 4033 Csesaris,
1016 3977 1185 4042 procurante
1201 3968 1301 4025 Pontio

204 4047 294 4104 Piieto
304 4048 444 4105 Judaeam.
487 4049 644 4106 Metthaeus
658 4068 769 4125 quoque
783 4049 901 4106 eandem
916 4067 976 4105 rem
991 4048 1111 4105 innuens
1121 4056 1218 4105 notet:
1235 4069 1300 4106 nam

203 4135 267 4185 ortu
281 4129 398 4185 Domini
412 4148 445 4186 nc
459 4128 614 4186 Salvatoris
629 4129 717 4186 nostri
735 4129 886 4203 descripto,
902 4127 1034 4202 deinceps
1055 4128 1194 4204 adjungit,
1212 4131 1301 4193 Quom

202 4216 293 4264 auteur
307 4211 387 4265 διευς
405 4217 485 4266 nctus
504 4218 570 4266 esset
593 4213 619 4264 in
640 4211 781 4266 Bethleem
799 4209 911 4274 Jrrdaeoe,
929 4211 954 4264 in
976 4209 1068 4265 diodus
1085 4211 1200 4265 Herodis
1221 4212 1300 4283 repis,

202 4305 260 4345 ecce
282 4292 357 4362 rongi
379 4289 412 4344 nb
436 4291 538 4345 oriente
561 4299 689 4346 verterunt
708 4291 932 4362 iiierorolyrrrrmr,
957 4292 1091 4346 direntes:
1118 4289 1168 4344 Ubi
1194 4296 1231 4343 est
1254 4288 1302 4358 qni
1335 4303 1462 4350 rnrin.2.r.

242 4404 310 4440 von.
328 4405 362 4440 11.
732 4403 750 4439 u
765 4405 785 4458 g
