3132 4714
253 256 317 320 642
727 253 913 318 EUSEBII
1327 269 1358 330 p.
1371 262 1434 331 321
1450 279 1507 294 -

252 425 312 494 λιν
345 414 383 494 δὲ
415 417 434 493 ὁ
468 415 572 498 αὐτὸς
607 413 738 516 Κύριος
771 413 940 519 ξυρήσειν
973 413 1115 514 λέγεται
1142 414 1179 489 ἐν
1206 415 1257 516 τῷ
1288 417 1351 488 τοῦ

252 539 434 635 βασιλέως
451 540 660 642 Ἀσσυρίων
679 540 787 645 ξυρῷ,
806 537 894 637 ἤτοι·
912 542 956 642 τῇ
983 541 1182 639 κολαστικῇ
1207 534 1351 632 δυνάμει

253 676 317 748 τοῦ
342 667 515 771 ἄρχοντος
538 676 602 746 τοῦ
626 673 752 749 αἰῶνος
773 663 910 760 τούτου,
929 661 995 762 τὴν
1013 661 1177 767 κεφαλὴν
1194 663 1252 741 καὶ
1269 659 1351 744 τούς
1362 700 1371 733 ι
1376 699 1390 748 5

253 791 366 876 πόδας
390 797 448 873 καὶ
471 792 535 873 τὸν
552 794 728 894 Ιπώγωνα
755 793 819 871 ούκ
847 793 965 869 ἄλλου
991 789 1086 873 τινὸς
1114 789 1137 890 ἢ
1166 789 1266 872 αὖθις
1286 797 1350 868 τοῦ

253 920 432 999 Ἰουδαίων
450 921 584 1004 ἔθνους·
614 921 708 997 τοῦτ’
728 919 807 998 ε”στι
831 916 895 997 τὸν
912 916 1051 1014 κόσμον
1070 918 1188 995 αύτῶν
1205 920 1263 994 καὶ
1285 914 1389 1015 τὴνΡ.
1401 940 1477 1005 322
1563 923 1564 928 ’

254 1043 386 1150 ίδόξαν
411 1052 585 1148 περιελεῖν
610 1045 668 1123 διὰ
695 1049 758 1142 τῆς
786 1051 858 1122 τῶν
884 1043 1042 1124 καθόλου
1070 1043 1351 1145 ἐπικρατούντων

214 1189 244 1252 ⁶5
255 1173 377 1274 ἀρχῆς.
417 1170 613 1268 Ῥωμαίους
631 1168 669 1250 δὲ
688 1167 775 1249 εἶναι
793 1169 937 1252 τούτους
955 1169 1153 1248 αἰνίττεται.
1188 1169 1262 1248 Διὰ
1280 1167 1350 1270 γὰρ

254 1306 318 1378 τοῦ
335 1305 408 1378 τῶν
425 1299 636 1399 Ἀσσυρίων
654 1293 827 1392 ὀνόματος
845 1297 997 1397 ἠγοῦμαι
1015 1295 1081 1394 τὴν
1100 1298 1182 1375 καθ’
1198 1295 1351 1375 ἕκαστον

255 1423 384 1526 χρόνον
413 1426 675 1525 ἐπικρατοῦσαν
704 1428 777 1500 τῶν
803 1425 915 1500 ἐθνῶν
942 1422 1135 1515 βασιλείαν
1157 1423 1374 1522 οσημαίνε-ε

255 1556 353 1646 σθαι,
383 1549 441 1628 διὰ
470 1549 513 1630 τὸ
547 1546 798 1633 κατιοθύνιντιις
831 1549 903 1627 ἀπὸ
934 1553 997 1646 τῆς
1022 1549 1203 1651 Ἐβραίων
1231 1551 1353 1652 φωνῆς

254 1675 507 1778 ἑρμηνεύεσθαι
539 1675 621 1759 τούς
650 1675 881 1777 Ἀσσυρίους·
912 1673 1007 1753 ὥστε
1040 1673 1126 1755 εἶναι
1156 1676 1352 1772 Ῥωμαίους

216 1798 336 1884 auratis
369 1811 431 1881 νῦν
458 1801 743 1884 κατευθύνοντος.
798 1803 901 1881 Ἐπεὶ
929 1805 986 1880 καὶ
1016 1804 1159 1900 ἀληθῶς
1186 1807 1238 1907 τῷ
1261 1803 1351 1880 Ῥω-

256 1928 370 2022 μαίων
402 1927 509 2034 ξυρῷ,
535 1924 634 2026 deiros
662 1934 707 2029 τῇ
744 1933 911 2031 πολιτικῇ
942 1931 1000 2006 καὶ
1030 1933 1207 2031 πολεμικῇ
1241 1927 1348 2006 δυνά·
1363 1961 1395 1996 10

255 2087 322 2150 μει,
352 2060 476 2133 πᾶσαν
503 2053 569 2152 τὴν
597 2052 708 2158 δόξαν
735 2062 799 2133 τοῦ
826 2055 1007 2133 Ἰουδαίων
1034 2055 1165 2148 ἔθνους,
1193 2056 1232 2131 ἐν
1257 2050 1281 2158 ᾗ
1308 2053 1351 2132 τὸ

254 2184 340 2282 πρὶν
372 2177 493 2278 ἐκόμα,
518 2183 577 2258 καὶ
609 2187 735 2258 πᾶσαν
765 2181 882 2258 αὐτῶν
911 2177 976 2278 τὴν
1009 2179 1170 2280 ἀνδρείαν
1202 2178 1260 2257 διὰ
1288 2185 1383 2256 τοῦλ)

254 2308 443 2408 οπώγωνος
475 2310 531 2386 καὶ
563 2313 636 2387 τῶν
664 2313 797 2410 τριχῶν
826 2312 898 2384 τῶν
926 2309 1049 2384 ποδῶν
1078 2307 1351 2402 σημαινομένην,

215 2440 427 2535 6ιπεριεῖλευ
455 2435 475 2511 ὁ
502 2441 575 2513 τῶν
603 2433 699 2511 ὅλων
726 2432 829 2516 θεός.
887 2431 983 2511 Οὐδὲ
1015 2432 1149 2510 ἄλλοτε
1179 2439 1267 2531 γοῦν
1293 2465 1352 2510 πω

253 2554 427 2660 πρότερον
453 2557 498 2663 ἐξ
523 2564 648 2641 αίῶνος
679 2556 701 2657 ἢ
734 2556 823 2655 μετὰ
854 2554 921 2655 τὴν
951 2564 1013 2636 τοῦ
1044 2561 1211 2659 Σωτῆρος
1240 2557 1351 2655 ἡμῶν,

184 2739 189 2750 -
254 2683 361 2760 αὑτοῦ
389 2680 432 2780 δὴ
460 2689 524 2760 τοῦ
542 2681 787 2780 Ἐμμανουὴλ,
813 2682 964 2782 γε’νεσιυ,
989 2687 1163 2782 περιεῖλεν
1191 2680 1307 2758 αι’πῶν
1330 2682 1376 2757 ὃς

254 2809 347 2892 θεὸς
369 2807 488 2888 πάντα
512 2814 585 2888 τῶν
602 2806 742 2904 κόσμον
760 2805 818 2884 διὰ
842 2811 905 2906 τῆς
930 2813 1002 2884 τῶν
1019 2806 1205 2902 Ῥωμαίων
1224 2807 1348 2908 ἀρχῆς.

296 2973 427 3040 stupra
442 2971 470 3024 s.
614 2965 723 3038 νοόεεν
736 2949 820 3024 <iiiii
835 2971 865 3024 ν.
1009 2968 1206 3036 emunaetas
1220 2985 1274 3022 om.
1291 2968 1353 3023 es.

255 3045 269 3089 ‘l
284 3055 340 3118 ἤτοι
354 3068 408 3105 om.
423 3051 486 3104 RS.
569 3051 713 3122 erro'ryouur
727 3052 758 3105 P.
774 3051 819 3123 qui
834 3069 888 3105 om.
904 3050 944 3104 καὶ
958 3057 1019 3122 post
1032 3053 1137 3120 τριχῶν.

255 3177 340 3241 tibus,
364 3184 393 3233 et
417 3177 446 3232 in
472 3177 537 3234 loco
564 3179 760 3236 statuentibus.
807 3179 916 3235 Rursus
939 3177 1014 3233 idem
1038 3175 1181 3232 Dominus
1202 3175 1353 3233 abrasurus

256 3257 358 3314 dicitur
377 3257 408 3314 in
429 3258 505 3331 regis
519 3255 702 3333 Assyriorum
725 3259 870 3332 nouacula,
890 3258 945 3315 hoc
965 3264 1009 3314 est
1028 3255 1209 3330 castigatoria
1229 3256 1257 3311 vi
1276 3256 1353 3329 prin.

256 3337 325 3411 cipis
338 3338 433 3395 saeculi
447 3339 540 3412 hujus,
556 3348 684 3414 caputet
700 3340 787 3414 pedes
806 3347 835 3396 et
853 3339 968 3394 barbam
989 3355 1047 3393 nou
1066 3336 1181 3393 alterius
1197 3336 1353 3412 cujuspiam

255 3437 338 3492 quam
360 3437 457 3476 rursus
469 3417 595 3475 Judaicae
616 3419 719 3495 gentis,
735 3419 790 3476 hoc
807 3427 850 3476 est
871 3427 1067 3475 ornamentum
1088 3425 1117 3473 et
1133 3417 1254 3490 gloriam
1276 3417 1353 3473 abla-

255 3508 335 3556 turus
355 3518 407 3573 per
427 3517 535 3562 eorum.
552 3500 599 3573 qui
621 3500 753 3556 universo
771 3500 919 3573 imperant,
935 3496 1131 3572 principatum.
1174 3497 1237 3552 Hos
1258 3505 1353 3553 autem

254 3599 312 3636 uon
335 3579 405 3637 alios
427 3598 510 3654 quam
533 3580 762 3637 Romanosesse
787 3579 886 3636 innuit.
928 3577 1055 3634 Nomine
1075 3577 1150 3634 enim
1170 3577 1354 3652 Assyriorum

255 3660 442 3734 quodcunque
463 3679 514 3733 per
538 3661 650 3735 singula
672 3669 802 3734 tempora
823 3658 956 3734 gentibus
980 3658 1143 3732 impositum
1168 3666 1211 3714 est
1232 3675 1354 3732 regnum

255 3740 409 3814 significari
423 3741 553 3803 arbitror,
568 3750 718 3815 propterea
739 3739 815 3812 quod
835 3759 871 3796 ex
886 3738 1027 3794 Hebraica
1047 3739 1145 3812 lingua
1164 3738 1352 3812 interpretan-

254 3820 331 3876 tibus
358 3821 469 3895 Assyrii
494 3820 676 3896 gubernantes
702 3819 872 3894 significaut.
925 3819 1025 3892 Itaque
1052 3835 1128 3874 nune
1159 3819 1353 3893 gubernantes

257 3899 378 3956 Romani
395 3909 471 3958 sunt.
515 3901 591 3957 Nam
610 3917 642 3956 re
662 3918 729 3956 vera
746 3900 824 3956 Deus
845 3899 968 3955 universi
991 3899 1183 3954 Romanorum
1205 3898 1352 3962 novacula,

255 3979 310 4034 boo
331 3987 375 4035 est
397 3979 470 4036 civili
491 4001 524 4038 ac
545 3979 645 4037 bellica
657 3980 694 4044 vi,
710 3999 824 4037 omnem
838 3978 966 4035 Judaicae
988 3979 1082 4052 gentis
1103 3979 1233 4053 gloriam,
1247 3979 1277 4034 in
1298 3997 1354 4052 qua

255 4058 332 4132 prius
346 4059 534 4132 superbiebat,
550 4079 720 4134 omnemque
734 4061 858 4134 ipsorum
877 4059 1079 4122 fortitudinem,
1096 4077 1157 4132 quae
1172 4077 1222 4132 per
1236 4057 1352 4114 barbam

255 4145 284 4194 et
298 4138 369 4211 pilos
384 4139 486 4210 pedum
500 4140 685 4213 significatur,
700 4139 824 4197 abstulit.
866 4139 968 4213 Neque
982 4140 1057 4196 enim
1072 4138 1127 4196 alio
1142 4157 1264 4212 unquam
1279 4148 1352 4194 tem·

255 4233 323 4290 pore
342 4217 419 4288 priua
441 4235 523 4289 quam
538 4227 603 4290 post
617 4218 772 4276 Salvatoris
794 4219 894 4285 nostri,
910 4219 964 4274 hou
985 4226 1030 4275 est
1050 4228 1116 4292 post
1135 4219 1222 4292 ipsius
1236 4217 1351 4274 Emma-

254 4294 329 4360 nuel,
347 4304 450 4364 ortum,
466 4315 550 4354 omne
571 4296 625 4352 illis
646 4307 843 4356 ornamentum
862 4298 977 4355 abstulit
995 4299 1076 4356 Deus
1096 4317 1145 4372 per
1164 4297 1352 4372 principatum
