3108 4708
252 229 316 295 aaa
697 223 884 290 posnan
1332 215 1503 300 μιμο-

252 383 517 480 κοσμονμένοις.
577 383 780 485 Σχοίνισμα
797 380 836 482 δὲ
856 379 896 459 τὸ
914 381 1055 475 πλῆθος
1073 385 1137 454 τοῦ
1156 375 1277 457 ε”θνους
1296 375 1356 452 καὶ
1369 409 1400 442 ιο

252 509 351 612 παρὰ
372 515 506 588 Μωσεῖ
520 508 688 606 κέκληται
706 506 859 607 λέγοντι,
879 502 1003 605 ἐγενήθη
1026 510 1117 609 μερὶς
1138 502 1251 605 Κυρίου
1269 497 1388 583 λαδςά

253 637 353 712 αὐτοῧ
391 631 534 724 Ἰακῖοβ,
578 635 765 736 σχοίνισμα
810 630 1024 731 κληρονομίας
1067 629 1166 706 αὑτοῦ
1204 627 1352 731 Ἰσραήλ.

214 756 378 836 τιἈλλὰ
393 755 465 858 γὰρ
483 763 556 834 τῶν
574 755 637 834 δάο
656 752 792 832 τοάτων
809 752 955 855 ῥάβδων
973 749 1129 852 “άθράαν
1147 747 1355 847 μεταβολὴν

254 883 473 983 γενήσεσθαι
492 881 583 961 κατὰ
600 879 680 962 τοὺς
700 879 938 977 δηλουμένους
956 876 1104 980 χρόνους
1124 875 1291 976 θεσπίζει,
1305 877 1379 957 ὡςε

253 1011 310 1087 καὶ
329 1013 391 1106 τῆς
410 1007 526 1086 πάλαι
544 1009 581 1085 έν
601 1007 690 1108 αὐτῇ
706 1010 864 1087 παλαιᾶς
883 1001 1062 1100 διαθήκης,
1081 1003 1137 1078 καὶ
1157 1009 1221 1078 τοῦ
1238 998 1354 1078 πάλαι

253 1133 291 1208 ἐν
309 1132 399 1234 αὐτῇ
417 1129 575 1212 κάλλους
593 1125 943 1234 ἀφανισθησομένου,
955 1135 1019 1204 τοῦ
1037 1145 1076 1204 τε
1093 1125 1355 1228 σχοινίσμοιτος

254 1258 311 1334 καὶ
337 1263 400 1334 τοῦ
429 1252 563 1337 παντὸς
592 1254 712 1336 ε”θνονς
740 1250 1148 1349 διασκεδαοθησομένον,
1174 1247 1263 1327 ἐπὰν
1289 1246 1356 1344 τὴν

254 1378 359 1478 τιμὴν
377 1388 440 1458 τοῦ
458 1378 686 1476 τετιμημένου
704 1375 895 1478 τριάκοντα
922 1376 1100 1477 ἀργυρίων
1123 1372 1356 1472 τιμησάμενοι
1369 1416 1399 1450 ιο

254 1509 316 1602 τῆς
345 1511 454 1608 σφῶν
482 1504 696 1597 δυσσεβείας
725 1500 790 1600 τὴν
812 1500 1072 1603 προσήκουσαν
1097 1502 1238 1597 ἀτιμίαν
1264 1498 1353 1579 ὑπό·

216 1663 388 1734 ιςσχοιεν.
447 1629 553 1729 Λέγει
582 1630 610 1706 δ
632 1629 704 1724 οὖν,
726 1635 784 1706 καὶ
810 1627 976 1734 λήφομαι
1002 1625 1056 1720 rip
1080 1622 1201 1731 ῥάβδον
1219 1661 1284 1727 μου
1303 1627 1356 1717 τὴν

257 1753 374 1851 καλῆν,
396 1762 455 1834 καὶ
475 1748 658 1861 ιἰπορρίφω
681 1751 789 1848 αι’πῗιν,
808 1756 862 1832 τοῦ
887 1747 1117 1832 διασκεδάσαι
1135 1757 1188 1844 τὴν
1207 1747 1356 1844 διαθήκην

253 1917 330 1984 μου.
391 1883 463 1958 Καὶ
484 1877 606 1975 πάλιν,
628 1888 686 1958 καὶ
714 1875 894 1982 απέρριφα
913 1876 965 1970 rip
988 1873 1110 1982 ῥάβδον
1133 1875 1185 1968 rip
1207 1873 1356 1983 δευτέραν
1369 1913 1396 1962 ¹⁵

254 2007 290 2084 ri
319 2009 518 2110 σχοίνισμα.
565 2006 652 2084 Ἐπὶ
677 2002 814 2086 τούτοις
838 2001 927 2081 ε’πδν
951 2005 973 2100 ἡ
998 2002 1199 2107 προφητεία
1218 2001 1356 2105 φάσκῃ,

257 2138 316 2210 καὶ
344 2130 450 2236 ἑξαροῖ
474 2128 546 2214 roias
575 2135 658 2235 τρεῖς
686 2127 849 2233 ποιμένας
877 2130 906 2207 ἒν
933 2132 1009 2232 μηνὶ
1039 2125 1094 2216 ἑνί,
1122 2127 1249 2228 νομίζω
1276 2128 1471 2228 rpiap.483
1543 2137 1544 2144 ’

254 2254 421 2356 τάγματα
453 2257 671 2334 αἰνίττεσθαι
698 2253 783 2332 ιτῶν
814 2253 930 2333 πάλαι
957 2262 1021 2332 τοῦ
1051 2262 1143 2332 λαοῦ
1170 2262 1233 2333 τοῦ
1261 2259 1357 2331 Θεοῦ

253 2379 501 2480 προεστώτων,
520 2377 741 2474 1ηβασιλέως,
765 2381 823 2456 καὶ
850 2379 1046 2481 ἀρχιερέως,
1071 2382 1130 2457 καὶ
1159 2379 1357 2484 προφίγτου,

254 2507 327 2583 ἐπεὶ
346 2510 403 2583 καὶ
422 2504 481 2582 διὰ
498 2511 570 2583 τῶν
589 2511 695 2606 τριῶν
713 2504 847 2583 τούτων
864 2505 1040 2602 ποιμένων
1057 2504 1176 2583 πάντα
1199 2503 1244 2583 τά
1266 2503 1357 2582 κατὰ

217 2629 337 2714 uratia
364 2628 479 2710 πάλαι
507 2627 681 2732 πρότερον
709 2631 933 2733 ᾠκονομεῖτο.
993 2631 1101 2707 Ἀλλ’
1129 2628 1246 2727 ἐπειδὴ
1275 2634 1380 2708 δια-5
1543 2669 1544 2748 η

298 2805 439 2880 triepta]
455 2807 551 2879 ἀθρόαν
566 2808 596 2860 P.
610 2815 641 2860 ut
654 2807 727 2878 vulg.
744 2807 772 2860 S.
859 2801 928 2860 1τδν
943 2807 972 2860 S.
1057 2804 1356 2875 ῑῡβαοιλίοον-ἇρχιε-

256 2887 517 2960 ρίαν-προφητῶν]
534 2883 1023 2957 βασιλέως-ἀρχιερέως-προφητοῦ
1038 2886 1069 2940 Ρ.

257 3031 370 3094 bantur,
380 3030 483 3085 decens
494 3029 607 3102 quidam
623 3037 739 3086 ornatur
754 3030 788 3086 iia
802 3037 891 3096 erant,
903 3030 951 3104 qni
965 3030 1068 3086 talibus
1083 3030 1167 3085 rebus
1179 3035 1356 3085 ornarentur.

258 3109 410 3164 Funionlua
431 3117 526 3164 autem
544 3110 605 3182 ipsa
626 3111 721 3184 gentis
743 3111 893 3167 multitudo
915 3111 989 3184 apud
1011 3109 1102 3183 ipsum
1118 3127 1229 3182 quoque
1245 3109 1358 3164 Mosern

259 3195 361 3244 vocata
375 3195 418 3244 est
438 3187 466 3243 in
485 3188 541 3245 iilis
554 3189 658 3255 verbis,
674 3191 758 3246 Foeta
772 3198 810 3246 est
823 3193 913 3263 portio
928 3191 1043 3245 Domini
1058 3191 1177 3262 populna
1190 3187 1250 3260 ερίις
1262 3189 1357 3252 Jacob,

250 3267 398 3342 saniculae
421 3269 589 3325 haereditatis
607 3267 663 3340 ejus
686 3271 780 3326 iarael.
823 3272 862 3326 At
876 3289 944 3326 vero
964 3269 1082 3343 hujusce
1103 3269 1248 3341 utriusque
1270 3268 1358 3341 virgae

258 3348 444 3404 mutationem
464 3367 570 3423 magno
583 3349 690 3422 impetu
704 3349 827 3406 futuram
841 3349 876 3406 iia
890 3349 1073 3422 temporibus.
1089 3349 1123 3404 de
1138 3347 1240 3421 quibua
1251 3346 1357 3403 dictum

259 3437 312 3493 eat,
338 3428 462 3484 divinat:
485 3437 584 3502 utpote
605 3447 690 3500 quum
712 3436 741 3485 et
763 3439 854 3494 vetus,
878 3430 953 3503 quod
973 3429 1050 3502 priua
1073 3429 1102 3484 in
1120 3446 1154 3484 ea
1179 3435 1248 3492 erat,
1270 3433 1358 3482 testa-

259 3516 396 3576 mentum,
420 3517 449 3564 et
476 3507 656 3581 pulchritudo
678 3527 740 3582 qnae
764 3508 794 3564 in
822 3509 921 3565 eadem
949 3509 1016 3564 olim
1044 3507 1212 3564 cernebatur
1239 3505 1360 3562 delenda

258 3587 344 3644 fuerit
358 3596 387 3643 et
401 3588 436 3643 ad
458 3587 574 3644 nihilum
597 3588 761 3663 redigenda,
784 3589 868 3644 aimnl
886 3608 919 3645 ae
939 3588 1029 3662 pretio
1051 3587 1125 3643 illius
1146 3586 1295 3648 aestimato,
1310 3586 1359 3659 qni

259 3687 320 3724 xxx
337 3667 479 3742 argenteis
500 3667 654 3723 aeatimatua
676 3676 728 3732 est,
744 3669 783 3724 illi
805 3688 857 3742 pro
878 3688 929 3725 aua
947 3668 1072 3742 ipsorum
1092 3667 1236 3739 impietate
1252 3665 1359 3721 meritae

259 3747 423 3823 ignominiae
437 3747 551 3803 obnoxii
565 3746 631 3802 facti
647 3756 721 3803 eunt.
764 3748 840 3804 Dicit
859 3749 955 3822 igitur.
969 3747 1013 3804 Et
1027 3749 1133 3820 capiam
1151 3747 1257 3820 oirpom
1272 3763 1360 3800 meam

257 3828 409 3902 pulchram,
433 3835 460 3883 et
482 3825 608 3898 objiciam
630 3846 689 3882 eom
712 3829 749 3882 αθ
772 3829 953 3902 dissipandam
976 3833 1160 3882 testamentum
1184 3843 1279 3880 meam.
1321 3824 1360 3880 Et

259 3925 367 3971 rursus,
388 3907 430 3962 Et
453 3909 536 3976 objeci
560 3909 665 3978 virgam
690 3909 817 3971 alteram,
843 3927 903 3984 qao
925 3907 1025 3962 dicitur
1035 3904 1189 3978 sarrientur.
1231 3903 1279 3960 Ad
1299 3903 1360 3960 haec

261 4003 347 4058 quum
362 3987 391 4041 in
412 3986 561 4059 prophetin
577 3985 685 4041 dicatur
706 3986 784 4051 illud,
800 3986 842 4043 Et
863 3985 984 4060 anserum
1004 3993 1057 4042 tres
1072 3993 1201 4058 pastores
1221 3987 1249 4039 in
1269 4002 1361 4039 menae

262 4081 324 4125 ono,
341 4065 462 4119 arbitror
475 4066 516 4121 aio
529 4074 588 4121 trea
607 4065 720 4122 ordines
741 4085 837 4122 eorum
860 4064 1022 4139 significari,
1038 4065 1085 4138 qui
1105 4064 1172 4119 olim
1188 4063 1292 4138 populo
1307 4063 1360 4118 Dei

261 4149 410 4213 praeerant,
423 4161 531 4212 regum,
546 4145 720 4216 pontificum,
736 4155 764 4201 et
778 4147 996 4219 prophetarum:
1014 4143 1145 4217 quoniam
1161 4143 1196 4198 ab
1210 4143 1255 4198 hie
1269 4141 1360 4198 tribus

262 4218 341 4288 quasi
355 4218 515 4288 pastoribus
534 4221 628 4276 omnia
647 4243 709 4294 qnae
724 4224 760 4279 ad
774 4225 837 4280 illos
850 4234 960 4281 veteres
975 4223 1043 4279 olim
1058 4223 1236 4297 pertinebant
1254 4222 1358 4296 guber·
