3130 4722
263 240 328 309 rai
713 241 898 306 nusunn
1338 237 1513 322 Μορ-

260 411 384 495 ἕθνους
407 411 701 514 ἀνηγορεύθησαν
726 418 902 506 βασιλεῖς,
922 411 993 488 οἵτε
1017 406 1107 488 κατὰ
1131 405 1277 490 τούτους
1299 411 1389 503 τῆςο

260 537 433 620 Ἰουδαίας
464 538 647 639 ἐπίτροποι
679 539 737 615 καὶ
773 535 974 640 τετράρχαι,
1004 537 1046 614 ού
1074 533 1146 634 μὴν
1174 531 1274 612 ἀλλὰ
1305 537 1363 612 καὶ

261 661 439 764 Ἡρώδης,
458 665 506 745 ὡς
525 662 618 766 ἕφην
635 661 703 761 ἤδη
722 664 780 740 καὶ
798 660 982 764 πρότερον,
1002 661 1044 739 ού
1061 656 1257 762 προσήκων
1267 659 1361 736 Ἰου-

262 790 371 873 δαίοις
389 787 431 867 τὸ
451 789 563 890 γένος,
583 785 621 871 ὃς
640 790 698 866 καὶ
720 786 825 870 αὐτὸς
842 785 942 889 παρὰ
959 787 1146 884 Ῥωμαίων
1164 781 1230 882 τὴν
1247 783 1365 888 ἀρχὴν

260 911 326 1010 τὴν
344 911 435 992 κατὰ
452 914 633 993 Ἰουδαίων
650 912 888 1016 ἐγχειρίζεται.
1372 941 1387 992 ⁵

222 1073 254 1108 ιο
316 1037 465 1118 Τούτων
490 1039 573 1136 ἡμῖν
600 1037 923 1139 προτετηρημένων,
943 1035 1063 1138 καιρὸς
1081 1037 1149 1136 ἤδη
1175 1044 1281 1115 καλεῖ
1298 1041 1362 1135 τῆς

259 1169 308 1247 εἰς
325 1162 391 1262 τὴν
407 1165 629 1269 προφητείαν
646 1166 794 1267 θεωρίας
811 1162 1039 1269 ἐφάψασθαι,
1053 1159 1163 1243 ’lodda
1188 1197 1227 1243 σι
1252 1160 1361 1242 11αἰνύ-

261 1326 388 1371 σιιισιιν
407 1301 433 1370 οἱ
452 1287 600 1397 ἀδελφοί
617 1328 685 1372 osu.
743 1290 895 1370 Δώδεκα
912 1297 985 1368 τῶν
1009 1291 1106 1369 ὅλων
1128 1286 1362 1392 ὑπαρχόντων

259 1417 398 1496 παίδων
414 1423 466 1524 τῷ
478 1415 621 1513 Ἰακὼβ,
639 1412 806 1519 τέταρτος
824 1415 960 1498 Ἰούδας
979 1413 1034 1514 ἦν,
1050 1420 1098 1500 ὡς
1116 1418 1175 1496 καὶ
1194 1414 1362 1520 φθάσαν-

260 1575 318 1625 τες
345 1541 540 1645 εἰρήκαμεν,
566 1540 614 1626 εἷς
641 1543 700 1621 καὶ
728 1541 833 1625 αὐτὸς
861 1543 1063 1647 ἀρχίφνλος
1091 1549 1155 1622 τοῦ
1180 1540 1362 1642 Ἑβραίων
1375 1581 1409 1616 ιο

222 1711 250 1746 21
261 1669 392 1751 ἔθνους.
440 1671 547 1746 Ἀλλ’
568 1667 621 1747 ὅτι
639 1701 681 1769 γε
700 1671 763 1748 οὐκ
782 1667 890 1748 αὐτὸν
908 1671 1038 1747 ἐκεῖνον
1055 1667 1149 1770 ἑώρα
1166 1664 1229 1746 τὸν
1248 1667 1394 1770 ἄνδραά

260 1793 306 1874 τὰ
329 1799 378 1877 ὡς
400 1794 491 1896 πρὸς
509 1794 618 1874 αὐτὸν
644 1793 713 1876 ὑπὸ
737 1803 801 1875 τοῦ
829 1793 964 1896 πατρὸς
981 1792 1154 1896 εἰρημένα,
1172 1791 1291 1898 σαφὲς
1316 1791 1363 1871 ἂν

259 1918 397 2020 γε’νοιτο
414 1926 488 2004 τοῖς
506 1920 729 2022 ἐπιστήσασι
748 1928 825 2004 ταῖς
848 1921 972 2026 λέξεσι
997 1923 1061 2018 τῆς
1085 1921 1181 2004 θείας
1205 1922 1362 2021 γραφῆς,

258 2051 402 2146 πρῶτον
433 2053 497 2125 τοῦ
514 2046 648 2139 Ἰακὼβ
673 2043 763 2147 πρὸς
790 2043 873 2128 τοὺς
900 2043 993 2128 υἱούς
1019 2048 1141 2150 φωνῆς
1169 2044 1360 2146 λεγούσης,

260 2170 428 2252 ’undam
453 2167 488 2252 δὲ
506 2172 640 2266 Ἰακὼβ
658 2169 730 2258 roias
749 2169 833 2256 οἱοδς
851 2175 963 2262 αὐτοῦ,
987 2178 1045 2251 καὶ
1073 2169 1157 2260 εἶπε,
1177 2167 1383 2268 σοιιίχθητες

262 2305 321 2378 aa}
341 2298 529 2399 ιἰνννγγελῶ
553 2303 637 2402 ὑμῖν,
656 2300 691 2377 τί
710 2302 785 2402 ύριῖν
802 2301 1034 2391 ἀπαντήσεται
1055 2297 1106 2375 ἐπ’
1126 2297 1280 2394 ἑσχιίτωι
1297 2295 1360 2375 rtis

261 2423 391 2529 ημερῶι·
430 2421 612 2529 ἁθροίσθητε
638 2433 698 2504 καὶ
727 2423 900 2503 ιἰκιύσιιτε
929 2430 987 2503 uiui
1015 2421 1160 2515 Ἰακὼβ,
1191 2421 1361 2502 ιἰιιιύσιιτε

222 2547 396 2656 ιιἸτριιλλ
425 2553 481 2629 τοῦ
511 2550 639 2655 πατρὶς
671 2549 771 2653 ὑμῶν.
831 2554 965 2655 Σαφῶς
998 2546 1070 2650 γὰρ
1098 2544 1360 2648 ἐπαγγέλλεται

260 2674 493 2779 προφητεύειν
514 2675 633 2757 αὐτοῖς
658 2673 704 2753 τὰ
731 2671 916 2771 μέλλοντα
940 2675 1058 2756 αὐτοῖς
1083 2673 1359 2772 ἀπαντήσεσθαι
1372 2710 1405 2746 ιο

259 2807 406 2899 μακροῖς
425 2801 576 2902 ὕστερον
593 2797 745 2904 χρόνοις,
764 2801 822 2878 καὶ
841 2801 889 2881 ὡς
907 2796 1012 2882 αὑτός
1031 2804 1156 2902 φησιν,
1177 2798 1231 2877 ἐπ’
1251 2795 1359 2895 ἑσχιί-

602 2959 796 3036 ιιιιΖνέσουσιο]
814 2961 966 3017 αἰνέσαισον
981 2964 1012 3019 P.

259 3086 385 3144 Juduicae
410 3089 505 3162 gentis
528 3091 681 3164 nuncupati
704 3099 770 3148 sunt
790 3109 883 3166 reges,
903 3109 956 3146 nec
978 3109 1036 3147 non
1060 3089 1107 3146 alii
1129 3089 1283 3147 secundum
1305 3091 1357 3146 bos

260 3167 337 3240 ipsos
364 3167 472 3224 Judaeae
507 3180 704 3243 procuratores
731 3179 815 3245 atque
842 3171 1002 3237 tetrarchae,
1030 3170 1131 3244 quibus
1158 3171 1359 3228 adnumeretur

180 3257 186 3268 ‘
261 3247 401 3312 Herodes.
416 3248 609 3306 aJudoeorum
631 3271 745 3326 genere,
761 3261 792 3308 ut
809 3253 870 3326 jam
889 3259 974 3308 antea
991 3250 1059 3315 dixi,
1073 3251 1189 3317 alicnus,
1204 3252 1252 3326 qui
1273 3251 1357 3308 etium

260 3327 321 3404 ipse
335 3347 353 3384 a
367 3327 505 3386 Romanis
518 3331 536 3388 J
539 3329 682 3389 udaeornrn
696 3332 884 3406 principatum
899 3331 1015 3406 accepit.

301 3408 397 3478 Quum
422 3409 559 3468 hactenus
581 3411 642 3468 haec
665 3412 917 3477 observaverimus,
940 3420 1052 3486 tempus
1072 3411 1133 3486 jam
1160 3411 1247 3468 fuerit
1270 3411 1358 3486 ipsius

259 3490 416 3565 prophetiae
430 3491 697 3566 contemplationem
713 3493 864 3568 attingere,
880 3493 956 3549 Judn
975 3501 1002 3549 te
1016 3492 1167 3548 laudabunt
1177 3491 1290 3566 fratrea
1307 3492 1356 3548 tui.

260 3571 357 3638 Quum
372 3570 520 3629 duodecim
534 3573 650 3630 omnino
671 3581 767 3630 essent
781 3573 830 3629 filii
844 3572 944 3638 Jacob,
960 3591 1057 3630 eorum
1075 3581 1192 3647 quartus
1205 3571 1259 3629 fuit
1271 3572 1291 3629 J
1293 3571 1356 3636 uda,

259 3651 496 3724 quemadmodum
522 3661 604 3710 antea
625 3653 757 3716 diximus.
776 3671 849 3709 unus
871 3653 956 3710 etiam
975 3653 1035 3727 ipse
1058 3653 1093 3710 da
1113 3653 1288 3727 principibus
1305 3652 1355 3709 tn·-

259 3731 346 3788 buum
365 3733 460 3807 gentis
481 3732 645 3790 Hebraicae:
668 3734 719 3790 sed
739 3733 814 3808 quod
830 3752 888 3790 non
911 3733 1003 3808 ipsum
1024 3733 1103 3789 illum
1121 3734 1295 3807 respicerent
1313 3751 1355 3796 es,

260 3829 322 3884 quae
337 3812 415 3885 quasi
430 3812 466 3869 ad
481 3813 571 3887 ipsum
586 3831 603 3868 a
617 3821 697 3887 patre
711 3812 787 3870 dicta
800 3821 875 3877 snut,
888 3813 906 3869 ii
920 3813 1083 3888 planissime
1096 3811 1296 3876 intellexerint,
1309 3811 1356 3886 qni

259 3891 346 3948 verba
360 3891 460 3950 divinae
474 3894 619 3967 scripturae
634 3893 785 3968 diligenter
798 3893 979 3959 attenderint,
993 3902 1023 3951 ct
1036 3894 1065 3950 in
1086 3893 1185 3968 primis
1204 3912 1238 3952 cc
1251 3911 1313 3967 qnae
1326 3893 1355 3947 in

259 3987 389 4026 sermone
405 3972 495 4029 Jacob
516 3975 698 4031 continentur
718 3974 754 4031 ad
774 3973 848 4030 filios
869 3974 1005 4031 dicentis:
1032 3975 1144 4030 Vocovit
1164 3981 1256 4030 nutem
1269 3972 1357 4031 Jacob

249 4050 327 4123 filios
346 4068 406 4106 ςιιοε
426 4061 454 4108 et
473 4054 550 4120 dicit,
566 4057 821 4129 conpreguminiet
842 4055 1013 4112 annunciabo
1029 4055 1102 4112 vobis
1121 4055 1188 4128 quid
1201 4047 1356 4110 euenturum

257 4131 293 4182 ait
306 4130 379 4184 vobis
393 4131 420 4184 ιἰι
434 4132 526 4187 diebus
540 4137 707 4191 πονὶςείιηὶιι
729 4137 930 4210 currgrepnmini
944 4143 971 4192 et
985 4135 1143 4209 auditefilii
1155 4133 1252 4199 Jacob,
1263 4135 1356 4190 cudite

260 4207 348 4296 lsrael
355 4215 467 4296 putrem
480 4219 606 4266 vestrum.
648 4213 735 4272 Plane
750 4215 825 4271 enim
839 4216 868 4270 in
886 4214 930 4269 his
949 4215 1098 4288 pollicetur
1112 4233 1142 4270 se
1156 4213 1372 4288 praedicturum·

257 4302 298 4338 ers
313 4303 374 4356 quae
386 4286 454 4358 ipsis
465 4297 599 4344 eventura
610 4291 666 4346 sint
677 4293 764 4365 longo
774 4305 840 4366 post
850 4301 987 4366 tempore,
1000 4301 1037 4360 et,
1051 4303 1082 4350 ut
1096 4293 1156 4367 ipse
1167 4294 1215 4358 ait,
1229 4296 1255 4349 in
1267 4293 1354 4348 πονέε-
