3144 4720
267 248 331 316 786
742 247 928 312 EUSEBII
1345 269 1376 330 p.
1389 264 1526 330 394-

231 454 235 464 ‚
267 405 402 498 δίδωσι,
422 404 464 484 τύ
490 440 528 484 τε
551 413 624 485 πᾶν
643 407 743 490 ἔθνος
767 407 811 511 ἐξ
837 407 969 485 ἐκείνου
994 407 1162 491 ύποτελές
1179 411 1368 505 Ῥωμαίοις

228 567 258 626 78
268 529 529 629 κατεστήσατο.
591 532 687 610 Μεθ’
708 529 749 609 δν
767 531 935 634 Ἡρώδης
961 533 983 609 ὁ
1006 533 1248 634 Ἀντιπάτρου
1273 541 1368 628 παῖς,

267 654 445 757 Ὑρκανὸν
466 655 614 752 ἀνελὼν,
633 654 698 754 τὴν
717 663 789 735 τῶν
807 659 988 736 Ἰουδαίων
1006 660 1200 752 βασιλείαν
1219 659 1368 756 ὑπὸτῆς

267 781 454 874 Ῥωμαίων
484 783 694 880 συγκλήτου
723 785 861 879 βουλῆς
892 782 1127 884 ἐγχειρίζεται,
1157 781 1297 884 πρῶτός
1329 816 1392 878 τε,

268 900 374 985 αύτδς
398 903 442 1007 ἐξ
465 905 681 1010 ἀλλοφύλου
707 905 829 1004 γένους
853 905 1039 998 βασιλεύει
1065 914 1129 983 τοῦ
1154 905 1284 1001 ἔθνους,
1303 903 1370 1003 τὴν

268 1033 340 1104 τῶν
372 1027 562 1130 ἀρχιερέων
596 1029 687 1108 κατὰ
719 1028 783 1109 τὸν
816 1029 983 1113 Μωσέως
1018 1028 1128 1128 νόμον
1164 1033 1370 1135 διαφθείρας

231 1149 385 1256 τυτθξιν.
443 1155 492 1232 ‘O
510 1153 575 1251 μὲν
594 1155 666 1258 γὰρ
693 1163 785 1240 θεῖος
810 1154 917 1252 νόμος
939 1156 999 1235 διὰ
1024 1157 1107 1248 βίου
1128 1161 1292 1258 ἱερᾶσθαι
1317 1161 1370 1262 τῷ

271 1282 354 1383 θεῷ
375 1276 438 1357 τὸν
463 1279 632 1359 ἀνωτάτω
656 1281 874 1383 προστάττει
899 1280 1074 1385 ἀρχιερέα·
1104 1283 1125 1360 ὁ
1153 1282 1183 1360 δ’
1203 1281 1414 1382 Ἡριύδηςιο

270 1406 312 1484 ού
336 1413 410 1489 τοῖς
434 1404 505 1485 ἀπὸ
534 1406 657 1506 γένους
685 1410 756 1486 ott
778 1407 830 1492 οἷς
854 1413 1040 1511 προσῆκον
1058 1406 1102 1506 ἦν
1121 1409 1287 1488 ἀπεδίδου
1304 1406 1370 1506 τὴν

270 1533 504 1632 λειτουργίαν,
523 1531 799 1636 ἀπεξενωμένοις
827 1533 869 1612 δέ
893 1567 969 1611 τισι
995 1536 1053 1611 καὶ
1077 1532 1282 1634 ἀλλοτρίοις
1306 1536 1371 1630 τῆς

269 1663 342 1736 τῶν
360 1657 548 1759 ἀρχιερεων
566 1661 744 1760 διαδοχῆς,
763 1661 820 1736 καὶ
845 1657 924 1736 οὐδὲ
945 1657 1081 1741 τούτοις
1100 1661 1261 1759 διαρκῶς,
1279 1655 1370 1761 πρὸς

267 1780 408 1884 βραχύν
426 1782 470 1860 δέ
485 1817 565 1862 τινα
588 1787 647 1862 καὶ
671 1783 951 1886 περιωρισμένον
978 1784 1120 1887 χρόνον,
1139 1782 1274 1862 ἄλλοτε
1301 1783 1411 1879 ‹id-p.
1421 1813 1494 1878 395

268 1917 346 1988 λοις
370 1904 435 2004 τὴν
462 1905 568 2006 τιμὴν
594 1908 903 2009 ἀντιδωρούμενος,
930 1906 1024 1988 ὥστε
1050 1907 1115 1991 τὰς
1139 1907 1204 2009 μὲν
1226 1909 1371 2010 πρώτας

268 2029 359 2110 ἑπτδι
390 2031 590 2131 ἑβδομάδας
623 2033 694 2113 ἀπὸ
726 2034 846 2135 Κύρου
878 2041 936 2114 καὶ
964 2037 1021 2114 ἐπὶ
1050 2041 1213 2136 Δαρεῖον,
1241 2035 1305 2118 τὰς
1332 2035 1371 2114 δὲ

268 2156 398 2242 λοιπὰς
426 2157 600 2263 ἑξήκοντα
628 2158 692 2238 δύο
724 2157 796 2238 ἀπὸ
825 2162 978 2262 Δαρείου
1007 2163 1066 2238 καὶ
1092 2163 1149 2239 ἐπὶ
1179 2160 1369 2260 Πομπήϊον

229 2307 261 2353 80
269 2282 333 2362 τὸν
364 2285 550 2379 Ῥωμαίων
587 2283 795 2387 στρατηγὸν
831 2283 1104 2386 περιορίζεσθαι.
1170 2289 1243 2364 Καὶ
1280 2286 1390 2368 κατιὶε

268 2411 391 2508 τρίτην
419 2407 455 2486 δὲ
483 2411 633 2511 θεωρίαν
662 2411 774 2510 εὕροις
805 2407 849 2488 ἂν
880 2409 1004 2493 ἄλλως
1035 2412 1371 2513 ῑάπαριθμούρενος

269 2532 350 2614 τοὺς
368 2529 518 2636 χρόνους
533 2541 605 2614 τῶν
622 2533 713 2613 ἑπτὰ
739 2538 795 2612 καὶ
823 2534 996 2640 ἑξήκοντα
1014 2535 1077 2614 δύο
1096 2535 1314 2633 ἑβδομάδων,
1332 2536 1370 2614 αἲ

269 2660 514 2740 συντείνουσιν
542 2668 590 2743 είς
618 2660 678 2758 ἔτη
708 2657 921 2760 τετρακόσια
948 2658 1168 2761 ὀγδοήκοντα
1195 2663 1285 2763 τρία,
1315 2663 1368 2740 ἐπ’

545 2844 806 2918 ἔίποριθμαύρενος]
824 2845 1045 2918 ἅπαριθμούμινος
1059 2847 1091 2901 Ρ.

269 3007 353 3071 atque
375 3016 410 3053 ex
431 2997 479 3053 illo
494 3005 621 3071 tempore
643 2998 774 3055 universa
786 2998 951 3055 Judreorum
973 2999 1050 3055 natio
1072 2997 1208 3055 Romanis
1222 2997 1368 3055 tributaria

268 3077 345 3133 taeta
365 3085 418 3132 est.
462 3076 531 3133 Post
546 3077 711 3151 Hyrcanum
727 3078 858 3135 Herodes
872 3079 1016 3152 Antipatri
1036 3077 1120 3144 filius,
1136 3080 1198 3152 ipso
1219 3077 1368 3135 interfecto

270 3157 416 3232 Hyrcano,
431 3156 569 3231 largiente
585 3158 714 3215 Romano
728 3167 829 3215 senatu
842 3159 861 3214 J
864 3159 1006 3215 udoeorum
1022 3158 1131 3215 obtinet
1144 3177 1276 3233 regnum.
1312 3157 1368 3215 Hic

269 3237 377 3310 primus
391 3236 483 3294 alieno
495 3245 574 3294 ortus
588 3257 702 3312 genere,
714 3239 878 3312 perturbato
892 3239 1057 3312 pontificum
1071 3238 1170 3295 ordine
1185 3239 1232 3312 qui
1244 3239 1369 3296 Mosaios

269 3316 333 3393 lege
348 3316 472 3373 sancitus
486 3317 587 3383 fuerat,
602 3319 632 3374 in
646 3319 696 3375 illa
708 3327 796 3394 genta
810 3327 920 3393 regnat
962 3318 1024 3375 Lex
1037 3319 1113 3374 enim
1129 3319 1224 3375 divina
1241 3319 1368 3394 jubebat,

268 3407 302 3454 ut
320 3398 460 3454 maximus
482 3398 611 3472 pontifex
631 3417 716 3474 quam
735 3399 783 3455 diu
800 3399 909 3456 viveret
931 3399 1090 3456 sacerdotio
1110 3398 1286 3473 fungeretur.
1328 3400 1369 3454 At

269 3477 401 3535 Herodes
418 3495 477 3534 non
498 3479 542 3542 iia,
564 3479 611 3553 qui
632 3479 760 3554 legitimo
781 3497 886 3553 genere
907 3479 963 3535 orti
983 3486 1086 3543 essent,
1101 3497 1193 3553 neque
1214 3479 1257 3545 iis,
1273 3479 1320 3552 qui
1340 3479 1371 3534 id

267 3559 340 3631 juris
354 3559 500 3622 haberent.
516 3560 565 3615 sed
586 3559 773 3634 supposititiis
792 3559 960 3632 quibusdam
979 3567 1063 3632 atque
1080 3577 1098 3614 a
1116 3559 1189 3615 serie
1205 3578 1238 3615 ac
1257 3577 1368 3616 succes·

270 3638 351 3694 sione
365 3638 530 3711 pontificum
545 3639 642 3694 alienis
656 3637 684 3694 id
699 3638 823 3695 muueris
838 3638 976 3704 attribuit,
991 3657 1023 3694 ao
1037 3657 1073 3694 ue
1087 3639 1121 3695 iis
1136 3638 1249 3712 quidem
1263 3639 1292 3694 iu
1306 3657 1369 3712 per-

269 3726 396 3792 petuum,
411 3718 461 3774 sed
473 3719 509 3774 ad
523 3717 609 3774 breve
623 3719 765 3792 quoddam
780 3717 1054 3792 determinatumque
1068 3727 1182 3793 tempus
1196 3719 1369 3793 gratificans,

270 3805 355 3871 atque
370 3797 423 3853 alio
438 3805 566 3871 tempore
580 3797 641 3853 aliis
655 3798 795 3870 ejusmodi
809 3797 946 3854 honorem
960 3797 1133 3872 impertiens,
1149 3807 1180 3854 ut
1193 3799 1247 3854 huo
1261 3797 1370 3856 ratione

271 3877 369 3950 primae
390 3877 503 3950 quidem
525 3877 716 3934 hebdomades
737 3887 844 3952 septem
860 3878 967 3952 aCyro
982 3879 1018 3934 ad
1032 3879 1159 3943 Darium,
1174 3878 1288 3952 reliquae
1301 3896 1369 3934 vero

272 3957 423 4029 sexaginta
441 3957 504 4012 duae
523 3956 640 4012 aDario
655 3957 690 4013 ad
705 3958 904 4031 imperatorem
916 3958 1110 4014 Romanorum
1122 3958 1287 4032 Pompeium
1301 3975 1369 4018 oon.-

272 4034 425 4090 tineantur.
467 4035 508 4090 At
529 4036 553 4091 si
569 4036 681 4092 tertiam
702 4048 840 4111 praeterea
860 4037 1127 4110 contemplationem
1141 4037 1211 4095 velis
1231 4037 1369 4100 insistere,

272 4119 357 4182 atque
371 4111 425 4165 alia
439 4113 559 4183 quadam
573 4116 682 4172 ratione
696 4124 825 4188 ternpore
838 4123 947 4188 septem
961 4125 990 4172 et
1004 4117 1153 4190 sexaginta
1167 4116 1285 4172 duarum
1299 4117 1369 4172 heb·

273 4186 425 4242 domadum
447 4207 604 4254 numerare,
626 4211 687 4264 quae
705 4212 794 4250 annos
813 4195 959 4250 continent
980 4195 1202 4270 quadringentos
1224 4196 1370 4270 octoginta

273 4273 340 4325 tres.
364 4264 488 4320 invenias
512 4268 584 4322 idem
609 4273 743 4343 temporis
772 4273 893 4344 spatium
922 4274 956 4328 ad
980 4275 1141 4346 Augustum
1169 4293 1257 4348 usque
1286 4283 1370 4348 atque
