3130 4722
75 156 212 236 -364
399 157 650 224 'DEMONSQ
673 159 842 226 EVANG.
868 161 963 225 VIII.
978 163 1113 224 Pactum.
1263 163 1328 227 728

223 323 314 422 μήτε
331 358 368 404 τι
385 327 521 422 σεμνὸν
538 331 598 406 καὶ
615 327 793 433 βιωφελές
811 325 950 425 εἰδότες,
968 327 1018 427 μὴ
1037 328 1075 408 δέ
1090 327 1163 427 μὴν
1179 326 1327 426 ἐπιστή-

224 483 294 544 μας
312 452 372 528 καὶ
396 451 522 554 τέχνας
539 455 577 530 ἐν
602 459 653 558 νῷ
675 453 858 551 τνθέμενοι,
878 456 1004 554 ἀρετῆς
1021 488 1061 533 τε
1086 457 1144 533 καὶ
1171 460 1327 559 φιλοσο-

226 575 311 678 φίας
340 578 412 655 οὐδ’
433 584 481 660 είς
508 577 644 657 ἐννοιαν
671 576 791 675 ἰόντες,
810 577 933 674 μόναις
961 582 1012 658 ἐπ’
1040 581 1197 681 ἐρημίαις
1224 579 1262 657 ἐν
1289 613 1327 658 τε

225 697 328 800 ὄρεσι
347 705 406 782 καὶ
424 702 617 800 σπηλαίοις
634 705 693 782 καὶ
711 703 844 802 κοίμαις
857 703 922 787 τὰς
936 705 1120 807 διατριβὰς
1134 707 1327 802 ἐποιοῦντο,

226 827 516 930 λῃστρικώτερον
540 830 769 929 ἐπιτιθέμενοι
795 841 869 914 τοῖς
892 830 1146 934 πλησιάζουσι,
1169 830 1328 934 πορίζον-
1340 866 1370 902 ιο

226 986 284 1036 τες
311 952 359 1031 τὰ
384 953 474 1055 πρὸς
502 953 545 1033 τὸ
573 953 641 1056 ζῆν
668 959 731 1036 οὐκ
760 957 918 1037 ἄλλοθεν
946 957 1072 1057 ἀλλ’ἢ
1100 961 1139 1036 ἐκ
1166 962 1230 1056 τῆς
1257 964 1330 1037 τῶν

205 1081 512 1180 τκαταδεεστέρων
537 1083 848 1165 καταδυναστείας.
898 1083 1022 1162 Ἀλλὰ
1047 1084 1119 1183 μὴν
1137 1084 1216 1164 οῦδέ
1236 1084 1331 1164 Θεὸν

227 1203 291 1284 τὸν
321 1207 380 1284 ἐπὶ
417 1204 562 1285 πάντων
594 1205 743 1311 ᾔδεσαν,
774 1209 858 1287 οῦδέ
885 1243 928 1309 γε
962 1211 1144 1301 εὐσεβείας
1173 1215 1330 1309 ἀληθοῦς

226 1329 372 1432 τρόπον,
410 1337 581 1434 φυσικαῖς
624 1331 662 1411 δέ
699 1335 846 1417 ἐννοίαις
887 1334 1154 1433 ἀνακινοῦμενοι
1185 1332 1227 1414 τὸ
1264 1335 1368 1431 μένιε

229 1454 399 1560 ὑπάρχειν
416 1459 454 1534 ἐν
470 1464 544 1540 τοῖς
563 1459 644 1536 olm
663 1461 760 1538 θείαν
778 1494 857 1539 τινα
875 1461 1024 1559 δύναμιν
1048 1465 1106 1540 καὶ
1125 1458 1220 1541 Θεὸν
1242 1458 1368 1557 εἶναιρ.
1380 1475 1444 1558 3⁶4

228 1584 287 1659 καὶ
311 1579 548 1684 ὀνομάζεσθαι
570 1584 750 1686 σωτήριόν
767 1619 806 1665 τε
826 1588 884 1664 καὶ
905 1585 1124 1688 εὐεργετικὴν
1143 1585 1331 1689 τυγχάνειν

229 1706 295 1804 τὴν
320 1709 570 1809 προσηγορία
597 1711 769 1816 αῦτοφυεῖ
793 1713 1011 1817 διδασκαλίᾳ
1038 1709 1329 1812 συνωμολόγουν,

229 1831 271 1910 τὸ
299 1831 337 1911 δέ
364 1832 415 1932 μὴ
439 1833 537 1912 ἄλλο
563 1869 599 1913 τι
625 1835 775 1938 νομίζειν
792 1837 815 1937 ἢ
835 1837 899 1916 τὸν
921 1839 1078 1918 ἐπέκεινα
1103 1835 1249 1937 ἁπάσης
1267 1841 1351 1934 vice

230 1957 409 2058 όρωμένης
440 1958 565 2042 οὐσίας
599 1963 662 2038 οὐκ
692 1961 746 2041 ἔθ’
777 1961 847 2040 οἷοί
873 1996 912 2040 τε
945 1960 1042 2060 ἦσαν
1074 1963 1326 2066 ἀποδέχεσθαι.

206 2082 368 2185 εΔιθπερ
396 2089 428 2162 οἱ
455 2083 521 2180 μέν
549 2087 666 2164 αῦτιῦν
694 2085 938 2180 ἑσεβσίνθησαν,
971 2097 1029 2168 καὶ
1065 2088 1265 2193 ἐλάτρευσαν
1293 2095 1330 2200 τῇ

231 2215 335 2288 κτίσει
354 2208 453 2316 παρῦι
472 2211 525 2290 τὶν
543 2215 720 2292 κτίσαντα·
747 2222 773 2291 oi
794 2208 829 2292 δὲ
847 2213 1101 2318 ε’ριαταιαίθησαι
1120 2217 1150 2294 ἐν
1169 2219 1236 2299 τοῖς
1256 2209 1331 2293 θια-

229 2339 411 2438 λογισμοῖς
431 2333 548 2424 sordi,
571 2347 630 2416 soti
657 2336 829 2430 ἐσκοτίσθη
854 2339 1046 2432 ηὀὶσόνετος
1064 2337 1169 2420 sercin
1190 2334 1329 2443 καρδία,
1342 2374 1372 2410 ιο

231 2464 275 2544 ὡς
300 2459 493 2566 ἐναλλάξαι
515 2462 568 2552 rip
594 2457 692 2569 δίξαν
711 2465 765 2542 τοῦ
789 2463 960 2569 α’φθνίρτοο
979 2467 1064 2544 Θεοῦ
1086 2467 1114 2543 ἑν
1143 2466 1361 2568 όρνοιιῦριατιι,

232 2588 348 2671 εἰκόνος
378 2585 523 2691 φθαρτοῦ
555 2587 717 2695 ιἰνθροίποο
746 2599 806 2669 καὶ
836 2587 1006 2670 απετεινιῦν
1037 2597 1095 2670 καὶ
1125 2585 1332 2688 τετραπόδων

597 2752 742 2826 ἀπιτηνῶν
756 2759 787 2813 P.
803 2767 834 2812 ut
847 2759 920 2830 vulg.
936 2759 965 2814 S.

230 2899 407 2958 conducibile
431 2911 579 2966 noverant,
605 2919 697 2975 neque
721 2919 789 2958 vero
818 2901 950 2958 scientias
974 2901 1044 2958 ullas
1065 2911 1114 2958 aut
1135 2910 1211 2958 artes
1235 2901 1330 2958 auimo

230 2981 500 3054 complectebantur.
514 2981 627 3038 virtutis
641 2990 735 3040 sutem
751 2999 785 3038 ac
798 2981 983 3056 philosophiae
1001 3001 1037 3040 ne
1056 2982 1202 3038 minimam
1217 2980 1329 3056 quidem

230 3060 375 3116 notionem
397 3061 540 3125 tenebant,
555 3061 606 3117 sed
625 3061 656 3118 in
677 3061 745 3118 solis
766 3061 886 3118 desertis
906 3062 977 3118 locis
998 3061 1027 3120 in
1049 3061 1194 3120 montibus
1213 3081 1247 3118 ac
1265 3081 1330 3137 spe·

230 3139 321 3196 luucis
336 3149 366 3198 et
379 3140 448 3196 vicis
462 3140 599 3214 degentes
614 3142 808 3204 versabantur,
823 3149 852 3198 et
865 3141 1006 3198 latronum
1022 3143 1112 3198 instar
1125 3160 1175 3199 eos
1196 3144 1243 3216 qui
1264 3161 1330 3217 pro-

231 3220 294 3294 pius
322 3220 507 3278 accessissent
529 3221 709 3286 invadebant,
734 3240 787 3278 uec
811 3221 923 3278 aliunde
948 3222 1001 3278 sibi
1026 3223 1131 3278 victum
1156 3222 1330 3294 quaerebant.

231 3319 314 3373 quem
330 3318 477 3356 excomm
493 3301 675 3374 oppressione
696 3320 767 3375 quos
787 3301 983 3358 imbecilliores
1003 3301 1079 3356 nacti
1093 3309 1198 3357 essent.
1241 3300 1332 3356 Iidem

232 3397 317 3452 porro
330 3397 424 3454 neque
442 3398 604 3454 supremum
621 3380 715 3437 Deum
738 3400 829 3455 neque
850 3381 937 3438 ullum
957 3380 1103 3454 religionis
1120 3397 1194 3435 verse
1216 3379 1332 3434 modum

231 3468 379 3523 noverant,
389 3459 441 3516 sed
450 3459 517 3516 solis
528 3460 695 3533 quibusdam
705 3460 879 3518 naturalibus
893 3459 1056 3517 notionibus
1066 3458 1201 3522 instincti,
1211 3458 1332 3514 existere

231 3538 345 3612 quidem
359 3539 388 3595 iu
403 3539 487 3596 rebus
502 3539 627 3596 divinam
642 3541 783 3613 quandam
796 3541 865 3606 vim,
882 3541 1029 3613 Deumque
1050 3557 1113 3596 esse
1131 3555 1164 3593 ac
1182 3536 1331 3600 nominari,

232 3627 260 3675 et
271 3637 335 3676 cum
346 3618 497 3675 salutarem
508 3639 541 3676 ac
553 3619 708 3676 beneficam
719 3620 825 3677 sentire
840 3619 1066 3694 appellationem,
1076 3617 1197 3674 naturali
1211 3616 1332 3690 quadam

232 3696 362 3756 doctriua
385 3697 566 3756 fatebantur:
588 3708 620 3756 ut
638 3717 707 3758 vero
728 3718 788 3756 nun
810 3700 886 3756 aliud
910 3699 1063 3773 quidquam
1086 3703 1228 3773 putarent,
1247 3713 1331 3770 quem

232 3796 297 3834 enm
312 3778 361 3852 qui
374 3786 419 3835 est
433 3797 518 3853 supra
532 3798 646 3836 omnem
661 3798 723 3853 quae
738 3779 862 3837 cernitur
882 3789 1022 3844 usturam,
1037 3795 1214 3852 nequaquam
1230 3775 1332 3833 adduci

232 3865 374 3931 poterent.
417 3859 539 3916 Proinde
552 3859 681 3916 nonnulli
696 3858 808 3932 quidem
829 3878 927 3917 eorum
949 3860 1051 3917 cultum
1069 3877 1147 3915 suum
1169 3857 1331 3920 tribuerunt,
1367 3875 1496 3920 sommas.

232 3942 435 3996 deservierunt
452 3947 583 3996 σεαιννσ
601 3942 794 4016 potiusquam
814 3940 949 3996 uenturi.-
972 3940 1022 3996 ulii
1039 3957 1102 3997 vero
1119 3944 1288 3994 evanuerunt
1304 3936 1332 3992 in
1366 3949 1427 3988 nom
1437 3959 1454 3995 1.
1464 3956 1495 3985 ²¹·

232 4019 442 4090 cogitationibus
454 4022 521 4084 suis,
536 4027 563 4076 et
577 4020 746 4076 obscuratum
760 4026 800 4074 est
817 4022 941 4090 insipiens
962 4037 1008 4075 οον
1021 4037 1122 4084 eorum,
1137 4020 1205 4074 odeo
1226 4017 1332 4091 quidem

234 4101 449 4156 demutaverint
473 4100 591 4172 glorium
615 4098 827 4173 incorruptibilis
847 4097 904 4154 Dei
928 4101 957 4154 in
979 4099 1181 4154 similitudinem
1206 4099 1333 4171 inopinis

233 4179 416 4250 corruptibilis
444 4179 565 4244 λουιίνιὶς,
587 4189 614 4235 et
639 4181 789 4245 uolucrum,
812 4187 839 4234 et
867 4179 1080 4252 quadrupedum,
1107 4186 1132 4233 et
1160 4177 1332 4249 sapentiam.

764 4275 846 4328 ndo
