3144 4720
446 240 674 306 DEMONST.
698 239 868 304 EVANG.
891 240 990 304 VIII.
1006 260 1038 319 4.
1246 246 1310 308 825

1120 408 1131 435 λ
1224 412 1235 439 b
1295 409 1305 438 t

122 469 128 482 ·
208 415 310 514 δεῦρο
337 412 518 512 ἐπερωτᾶν
544 410 755 514 πειρώμενοι
782 409 864 494 τοῦς
892 414 1025 490 ἑαυτῶν
1053 417 1153 494 θεους
1179 444 1237 489 και
1265 445 1310 489 τα

208 533 403 636 ἀγάλματα
426 540 485 616 καὶ
510 535 592 620 τοῦς
611 539 649 616 ἐκ
667 541 730 635 τῆς
749 541 815 637 γῆς
833 542 1041 642 φωνοῦντας
1059 539 1117 615 καί
1141 537 1223 620 τοῦς
1246 540 1305 638 ἐγ·

209 663 477 765 γαστριμύθους
495 667 625 762 ’ἀτελῆ
645 665 702 742 καὶ
722 663 904 766 ἄπρακτον
923 661 988 760 τὴν
1005 664 1063 742 ἐπί
1087 661 1171 742 τοίδε
1196 696 1332 748 κατα-ς

208 786 330 894 φυγὴν
348 796 531 868 ποιοῦνται
549 787 608 868 διὰ
626 785 669 868 τῦ
686 789 811 887 μηκέθ’
827 789 956 886 ὁμοίως
968 790 1120 891 ἐνεργεῖν
1134 789 1311 866 δύνασθαι

208 913 333 1018 ῶσπερ
352 913 394 995 τὸ
411 920 496 1018 πρίν
513 915 595 999 τοῦς
613 917 791 1012 δαίμονας,
812 919 842 993 εἰ
859 913 910 1013 μὴ
929 915 1047 995 πάντα
1065 922 1177 994 ταῦτα
1195 915 1310 1016 ἔργοις

209 1044 328 1126 αὐτοῖς
352 1041 458 1126 τέλος
485 1042 660 1146 εἰληφότα
686 1041 868 1137 δείκνυται,
892 1040 942 1140 μή
970 1040 1028 1122 πεί
1052 1075 1112 1139 μοι
1137 1041 1310 1142 νομίζοιτο

210 1165 253 1248 τῦ
277 1167 500 1276 προφητικὸν
518 1174 781 1270 πεπληρῶσθαι
802 1167 814 1210 s
817 1169 953 1270 λόγιον,
971 1167 1021 1266 μὴ
1040 1167 1077 1247 δέ
1095 1167 1158 1248 τὸν
1176 1173 1304 1247 θεσπι·
1320 1211 1349 1246 ιο

210 1295 356 1398 &nevos
375 1299 510 1402 Κύριον
534 1298 820 1397 ἐπιδεδημηκέναι
842 1304 893 1405 τῷ
914 1300 984 1405 βίῳ
1005 1305 1078 1377 τῶν
1095 1298 1335 1401 ἁνθρῶπων.ο

184 1429 256 1504 ιΕἰ
275 1423 312 1503 δέ
330 1425 447 1510 αὐτοῖς
462 1425 578 1528 ἔργοις
592 1423 683 1505 κατὰ
700 1423 796 1506 πολῦ
813 1431 886 1504 τῶν
904 1422 1026 1526 λόγων
1045 1424 1311 1526 ἐναργεστέροις

209 1551 319 1632 εἰσέτι
345 1556 449 1653 δεῦρο
476 1559 688 1654 θεωροῦνται
712 1555 744 1630 οἰ
773 1549 839 1650 τὴν
866 1551 1050 1652 Αἰγιπιτον
1073 1557 1257 1646 οἰκοῦντες,
1276 1555 1309 1629 οἰ

208 1675 274 1772 μέν
292 1676 356 1756 τὸν
375 1675 470 1758 Θεὸν
489 1685 561 1757 τῶν
579 1685 776 1785 προφητῶν
793 1679 1029 1779 ἐπεγνωκότες
1057 1682 1115 1756 καί
1138 1679 1180 1756 δι’
1201 1672 1331 1760 aurbus

209 1801 291 1886 τοῦς
308 1806 478 1906 πατρίους
497 1802 796 1888 καταλελοιπότες
815 1804 925 1901 θεοῦς,
944 1810 977 1884 οἰ
994 1804 1032 1884 δέ
1055 1803 1147 1907 πρὸς
1164 1803 1310 1886 τούτους

209 1936 480 2014 στασιαστικῶς
513 1930 662 2035 ἔχοντες,
694 1935 752 2010 καί
790 1937 822 2010 οἰ
854 1929 919 2029 μέν
951 1929 1033 2014 τοῦς
1063 1928 1165 2014 θεοῦς
1194 1933 1310 2008 αὐτῶν

211 2056 318 2135 εἰσέτι
345 2065 408 2136 νῦν
432 2057 700 2155 ἐπικαλούμενοι
723 2061 782 2137 καί
809 2057 855 2135 τὰ
883 2058 1078 2158 ἀγάλματα
1096 2059 1153 2135 καί
1172 2054 1254 2136 τοῦς
1271 2059 1310 2136 ἐκ

210 2185 274 2279 τῆς
291 2186 358 2283 γῆς
378 2189 584 2288 φωνοῦντας
601 2183 712 2282 μηδέν
727 2217 767 2262 τε
786 2185 939 2284 ἐνεργεῖν
956 2183 1202 2280 Εδυναμένους,
1221 2187 1253 2260 οἰ
1273 2180 1350 2260 δέιο

210 2314 260 2415 τῷ
279 2312 401 2415 Κυρίιρ
421 2315 493 2389 τῶν
520 2315 718 2415 προφητῶν
740 2315 777 2389 ἐν
794 2310 898 2415 πάσῃ
918 2315 961 2415 τῇ
986 2310 1191 2411 Αἰγυπτίων
1207 2307 1310 2414 χώρᾳ

209 2435 468 2537 θυσιαστήριον
500 2438 582 2515 καθ’
612 2435 768 2538 ἑκάστην
800 2438 996 2535 ἐκκλησίαν
1027 2431 1310 2534 συστησάμενοι,

209 2563 247 2641 ἔν
264 2597 303 2642 τε
321 2569 398 2644 ταῖς
416 2563 571 2666 θλίψεσι
589 2566 645 2640 καί
670 2570 743 2645 τοῖς
769 2565 844 2642 κατ’
865 2564 981 2642 αὐτῶν
1003 2565 1170 2663 διωγμοῖς
1195 2560 1310 2639 οῦκέτι

208 2686 254 2766 τὰ
281 2688 459 2784 κνώδαλα,
486 2687 565 2768 οῦδέ
593 2687 638 2766 τὰ
668 2687 798 2790 ἑρπετὰ
824 2693 888 2787 τῆς
914 2692 992 2788 γῆς,
1020 2691 1068 2771 ὡς
1096 2683 1204 2780 θεοῦς,
1229 2684 1338 2768 ούδέᾱ

208 2813 291 2899 τοῦς
304 2815 447 2915 ἀγρίους
463 2819 574 2916 θῆρας
590 2817 649 2894 καὶ
665 2813 712 2892 τὰ
729 2815 850 2916 ἄλογα
867 2815 940 2922 ζῷα
958 2812 1086 2910 ὁμοίως
1099 2819 1172 2895 τοῖς
1191 2813 1307 2889 αὐτῶν

208 2975 319 3029 θᾶτελεῖ
327 2975 355 3030 S.
397 2969 410 3014 s
420 2974 512 3047 λόγιον
520 2993 574 3030 om.
585 2976 647 3031 RS.
690 2985 706 3029 8
718 2975 886 3050 δυναμένους]
900 2977 1035 3045 δυνάμενοι
1042 2975 1073 3028 P.
1083 2982 1111 3028 et
1120 2974 1157 3028 sib
1166 2973 1306 3044 interpres.

208 3095 286 3152 Deos
306 3113 411 3169 susque
432 3094 609 3160 simulachra,
624 3113 728 3169 eosque
748 3095 795 3170 qui
812 3095 938 3152 deterre
951 3113 1035 3152 voces
1049 3095 1191 3164 emittunt,
1207 3102 1237 3150 et
1251 3093 1305 3168 Py-

208 3175 320 3240 thones,
335 3193 437 3250 rogere
457 3183 605 3241 conentur,
619 3173 754 3232 infectum
770 3186 854 3248 etque
868 3175 951 3232 inune
970 3175 1004 3231 ad
1020 3184 1122 3232 cuncta
1136 3176 1197 3232 haeo
1211 3173 1305 3249 persu-

207 3257 286 3330 gium
300 3257 491 3330 experiuntur,
506 3263 656 3328 propterea
676 3255 751 3328 quod
772 3274 830 3310 nou
852 3256 971 3328 amplius
990 3265 1120 3312 utentes
1136 3255 1233 3312 itidem
1249 3253 1307 3310 vim

208 3353 288 3392 susm
303 3353 434 3393 exeruere
447 3335 592 3392 doemones
609 3343 737 3411 possunt,
753 3335 777 3391 si
798 3353 856 3390 uon
876 3335 1009 3391 universa
1028 3335 1089 3390 haee
1107 3336 1200 3408 reipsa
1220 3335 1306 3390 finem

207 3431 288 3472 suum
303 3415 446 3472 invenisse
460 3415 656 3480 ostenduntur,
672 3433 739 3470 sune
754 3414 882 3470 nondum
896 3415 1044 3488 quisquam
1063 3414 1131 3469 mihi
1154 3414 1306 3470 arbitretur

206 3495 401 3569 prophetIcum
416 3513 479 3552 esse
492 3495 664 3569 completum
676 3494 830 3559 oraculum,
840 3512 931 3567 usque
941 3495 1094 3550 Dominum
1110 3493 1188 3550 illum
1202 3493 1304 3567 ipsum,

206 3593 290 3649 quem
304 3575 448 3650 prophetes
468 3583 582 3640 canunt,
597 3574 671 3649 apud
688 3573 817 3630 homines
833 3573 941 3630 vixisse.
985 3573 1098 3630 Sivero
1113 3573 1227 3646 reipsa,
1243 3591 1305 3646 quae

205 3655 299 3712 verbis
312 3654 399 3730 longe
413 3664 457 3712 est
471 3655 636 3718 evidentior,
653 3653 699 3728 qui
711 3654 871 3728 AEgyptum
886 3654 1014 3710 incolunt
1024 3662 1178 3710 cernuntur
1192 3653 1305 3710 interim

205 3753 272 3810 pars
287 3735 399 3809 quidem
413 3735 614 3810 prophetarum
629 3735 722 3791 Deum
743 3735 895 3810 agnovisse
914 3745 943 3791 et
962 3743 1078 3809 propter
1098 3733 1176 3790 illum
1198 3733 1305 3808 patrios

207 3815 284 3872 Deos
297 3815 450 3889 reliquisse,
466 3815 511 3871 alii
526 3834 593 3872 vero
614 3823 713 3872 contro
734 3816 787 3872 hos
808 3815 961 3872 seditiones
979 3815 1090 3872 assidue
1110 3813 1260 3880 concitare,
1276 3821 1306 3870 et

206 3895 252 3952 ulii
262 3897 339 3952 Deos
353 3913 428 3960 suos,
445 3913 550 3969 sueque
564 3895 742 3960 simulachra,
758 3914 862 3970 eosque
877 3896 973 3970 quide
988 3905 1063 3952 terra
1072 3913 1157 3952 voces
1172 3894 1306 3951 emittunt

206 3975 371 4032 invocantes
392 3976 461 4032 nibil
482 3993 566 4049 posse
582 3977 728 4051 proficere,
743 3977 790 4032 ulii
808 3975 934 4032 Domino
957 3976 1158 4050 prophetarum
1178 3975 1207 4032 in
1227 3976 1305 4032 omni

205 4055 346 4130 AEgyptiu
363 4055 480 4130 regione
501 4057 589 4113 ultore
610 4073 661 4129 per
681 4056 807 4130 singulas
826 4056 958 4114 eeclesias
972 4056 1105 4119 erexisse,
1119 4055 1204 4130 inque
1219 4057 1304 4113 afflic-

206 4135 330 4192 tionibus
355 4144 384 4192 et
405 4136 457 4192 sibi
480 4135 589 4193 infestis
611 4135 842 4193 insectationibus
865 4155 923 4192 non
946 4137 1066 4211 amplius
1082 4136 1189 4194 belluas
1214 4155 1305 4211 neque

206 4215 317 4289 reptilia
329 4223 413 4273 terroe
428 4217 516 4281 Deos,
532 4235 623 4291 neque
637 4225 764 4291 agrestes
777 4216 852 4273 serus
866 4225 895 4272 et
904 4217 988 4273 brute
1002 4217 1140 4284 animulis,
1156 4225 1305 4292 parentum

205 4313 322 4352 suorum
336 4296 433 4359 instar.
449 4297 500 4354 sed
514 4314 675 4373 supremum
690 4297 782 4354 Deum
796 4297 937 4367 iuvocare,
949 4298 1095 4372 solumque
1109 4317 1174 4355 eum
1188 4297 1304 4373 ejusque

248 4417 317 4458 von.
333 4419 368 4458 n.
677 4403 679 4408 ’
750 4420 798 4458 nr
