3132 4714
257 235 321 302 658
704 238 888 305 uusussn
1332 255 1512 323 usm-

255 415 359 486 σκοῦ·
391 408 448 486 ε’πὶ
476 406 513 486 δὲ
538 412 602 506 τῆς
625 411 823 510 παρούσης,
840 405 967 511 πρὶνή
992 413 1125 507 γνῶναι
1148 404 1191 486 τὸ
1215 407 1377 492 παιδίονς

256 539 378 612 καλεῖν
403 533 539 635 πατέρα
567 531 591 632 ἢ
620 535 755 636 μητέρα
783 532 941 639 λήψεται
970 531 1118 630 δύναμιν
1142 538 1354 630 Δαμασκοῦ,

257 661 315 737 καὶ
342 658 388 738 τὰ
415 668 537 739 σκῦλα
557 661 769 760 Σαμαρείας·
801 655 851 738 ὧν
875 661 934 738 καὶ
961 655 1123 760 πρόσθεν
1148 655 1353 756 καταλυθή-

256 790 389 864 σεσθαι
412 783 495 869 τοῦς
519 783 695 879 βασιλέας
718 787 774 865 ἐπὶ
801 791 847 890 τῇ
874 785 1011 885 γενέσει
1039 794 1104 865 τοῦ
1121 782 1355 886 Ἐμμανουήλ

204 910 449 1013 ιοοε’θέσπιζεν.
496 917 687 1010 Αίσθητιῦς
705 911 770 1010 μέν
789 914 851 991 οὖν
870 915 927 990 Ι’έν
945 913 1090 1014 ἡμέραις
1101 911 1231 1016 Ἀχαζ
1239 921 1351 1008 βασι·
1366 951 1397 987 ιο

255 1040 346 1121 λέως
363 1037 491 1134 Ἰούδα,
510 1042 568 1116 καὶ
591 1041 665 1116 κατ’
686 1037 795 1117 αῦτὸν
812 1036 973 1116 Ἡσαΐαν
990 1037 1054 1118 τὸν
1072 1036 1272 1143 προφήτην,
1291 1037 1355 1118 δύο

254 1171 420 1258 βασιλεῖς
444 1166 484 1242 ἐκ
508 1163 690 1263 συνθήκης
722 1163 803 1246 τοῦς
837 1159 904 1242 ὑπὸ
936 1169 1010 1246 τοῖς
1038 1163 1215 1268 διαδόχοις
1234 1167 1356 1258 Δαβιδ

253 1289 555 1388 βασιλευομένους
576 1287 818 1392 ἐπολιόρκουν,
837 1293 885 1372 ὡς
910 1290 978 1391 ἤδη
1002 1290 1175 1393 πρότερον
1194 1289 1351 1389 δεδήλω-

255 1444 325 1495 ται·
355 1418 375 1495 ὁ
400 1415 463 1510 μέν
482 1418 539 1496 ἐπὶ
561 1420 624 1514 τῆς
643 1424 847 1515 Δαμασκοῦ
865 1421 937 1496 τῶν
955 1421 1227 1518 εὶδωλολατρῶν
1243 1420 1354 1496 ἐθνῶν
1366 1457 1394 1510 ¹5

254 1541 473 1638 βασιλεὺς,ό
492 1540 530 1622 δὲ
548 1551 612 1621 τοῦ
630 1540 793 1640 πλήθους
810 1547 883 1622 τῶν
899 1543 1090 1640 Ἰουδαίων,
1105 1545 1142 1622 ἐν
1160 1549 1205 1647 τῇ
1224 1552 1354 1622 καλου-

253 1671 343 1774 μένη
361 1669 542 1776 Σαμαρείᾳ
561 1667 666 1750 πόλει
683 1673 747 1767 τῆς
768 1671 1028 1768 Παλαιστίνης,
1048 1667 1093 1768 ἣν
1113 1669 1355 1769 Σεβασιήνοί

255 1798 338 1875 καθ’
357 1798 451 1894 ἡμᾶς
469 1793 696 1898 ὀνομάζουσι·
725 1799 806 1897 περὶ
823 1792 874 1873 ὧν
893 1797 913 1874 ὁ
932 1794 1026 1880 θεὸς
1044 1794 1103 1874 διὰ
1126 1804 1191 1874 τοῦ
1212 1792 1395 1902 τροφή-Ρ.
1407 1825 1487 1892 330

254 1954 318 2000 που
340 1919 533 2027 τῷἈχαζ
541 1918 626 2016 εἶπε,
646 1918 703 2014 Μή
723 1922 842 2026 φοβοῦ,
861 1918 909 2026 μή
934 1916 970 2000 δὲ
994 1925 1012 2015 si
1039 1913 1144 2026 ψυχή
1171 1957 1231 2001 σου
1257 1919 1357 2002 ἀσθε-

256 2050 343 2126 ιείτιν
373 2045 444 2127 aisti
473 2047 535 2127 τῶν
563 2042 619 2126 θόο
650 2046 766 2153 ξόλιυν,
791 2045 853 2125 τᾶν
881 2041 994 2126 θαλῶν
1023 2047 1084 2128 soit
1115 2045 1357 2155 καπνιζομίναι

202 2207 245 2243 1⁰1
254 2172 384 2254 τούτων.
445 2176 518 2252 Καὶ
554 2171 620 2270 τήν
657 2171 838 2253 ἀπώλειάν
875 2205 917 2273 γε
953 2180 1027 2252 τῶν
1062 2175 1202 2276 ἀνδρῶν
1232 2173 1380 2262 αῦτίκας

254 2299 355 2398 μάλα
374 2302 432 2378 καὶ
457 2300 522 2379 οὐκ
546 2305 595 2381 είς
613 2298 773 2400 δμακρὸν
798 2299 946 2378 ἔσεσθαι
972 2298 1090 2396 εἰπὼν,
1108 2300 1191 2406 ἑξῆς
1208 2306 1353 2406 προφη-

253 2425 343 2504 τεόει
371 2429 419 2507 ὡς
441 2427 564 2529 ε’πὶτῇ
591 2433 655 2504 τοῦ
682 2425 763 2524 μεθ’
788 2425 888 2523 ἡμῶν
912 2425 1084 2524 ἐσομένου
1103 2432 1199 2507 Θεοῦ
1220 2425 1358 2528 γενέσει

186 2609 188 2616 -
254 2549 408 2648 πάμπαν
428 2549 641 2656 ἀμφοτέρων
664 2549 914 2650 σβεσθήσεται
939 2554 998 2631 καὶ
1023 2551 1311 2652 καταλυθήσεται
1333 2552 1358 2651 ή

202 2707 246 2743 ¹0²
254 2678 437 2773 βασιλεία.
498 2679 694 2773 Δείκνυμεν
721 2676 760 2756 δὲ
791 2675 862 2756 ἀπὸ
891 2681 954 2776 τῆς
982 2679 1152 2780 ἱστορίας,
1180 2682 1228 2761 ὡς
1253 2677 1358 2782 μέχρι

254 2809 327 2881 τῶν
345 2801 486 2906 χρόνων
502 2807 566 2900 τῆς
584 2809 648 2881 τοῦ
667 2806 834 2904 Σωτῆρος
851 2804 953 2902 ήμῶν
971 2806 1095 2902 Ἰησοῦ
1112 2812 1176 2884 τοῦ
1192 2807 1357 2906 Χριστοῦ
1370 2839 1400 2876 ιο

378 2996 500 3069 vtum]
518 2997 623 3069 ἡμέρας
637 2997 669 3052 P·
697 2996 786 3068 ἡμέραι
802 2999 830 3052 S·
933 2995 1074 3070 Μακρὸν]
1090 2998 1187 3069 νοερὸν
1202 2998 1233 3053 P·

255 3171 285 3226 in
312 3171 446 3246 praesenti
473 3189 550 3237 vero,
579 3171 741 3246 priusquam
773 3172 844 3229 sciat
870 3192 973 3230 vocare
1003 3181 1114 3249 putrem
1145 3181 1195 3230 sut
1227 3185 1355 3238 matrem,
1401 3233 1405 3240 ,

255 3269 373 3324 puerum
388 3259 568 3324 accepturum
583 3259 755 3326 potestatem
768 3251 910 3318 Damasci,
922 3262 953 3311 et
963 3254 1053 3328 spolia
1067 3251 1220 3310 Samarites
1237 3271 1357 3329 qustum

255 3331 334 3406 prius
349 3330 503 3388 abolendos
517 3349 579 3388 esse
598 3348 681 3406 reges
702 3331 731 3388 in
745 3341 810 3390 ortu
824 3333 913 3410 ipsius
927 3333 1094 3391 Emmanuel
1116 3333 1226 3390 cecinit.
1268 3333 1307 3390 Et
1320 3331 1357 3390 sd

256 3411 375 3468 verbum
398 3411 510 3486 quidem
533 3413 562 3468 in
583 3411 683 3468 diebus
707 3413 804 3469 Achnz
831 3413 906 3491 regis
928 3414 1012 3478 June,
1041 3423 1070 3471 et
1096 3413 1183 3488 ipsius
1210 3413 1356 3488 prophete

257 3491 359 3558 Esnioe,
375 3493 431 3548 duo
452 3511 535 3566 reges
556 3510 592 3549 ex
614 3493 780 3566 composito.
803 3512 852 3560 ecs
872 3493 919 3568 qui
938 3493 1146 3551 successoribus
1160 3493 1254 3551 David
1274 3511 1355 3567 pers-

256 3571 336 3637 bsnt,
353 3572 534 3637 obsederunt,
550 3571 623 3628 sicut
641 3573 726 3629 etium
747 3573 824 3647 prius
846 3583 990 3630 ostensum
1013 3583 1065 3639 est,
1081 3574 1152 3631 alter
1166 3574 1279 3648 quidem
1295 3571 1355 3630 Ds-

257 3653 344 3710 mnsci
359 3655 487 3729 gentium
503 3653 673 3709 simulachra
687 3653 865 3710 adorantium
879 3672 936 3721 rex,
952 3655 1023 3711 niter
1036 3673 1104 3712 vero
1118 3653 1245 3711 Judnicoe
1259 3652 1358 3710 multi-

258 3732 364 3789 tudinis
377 3734 407 3790 in
420 3752 455 3791 en
468 3731 617 3790 Palestinae
631 3733 745 3789 civitate
760 3753 821 3808 quae
837 3745 904 3790 tunc
923 3734 1035 3808 quidem
1051 3733 1203 3791 vocabatur
1217 3733 1356 3798 Samsn'n,

257 3831 333 3868 nunc
346 3822 441 3870 autem
455 3831 473 3869 n
487 3813 591 3868 nostris
606 3811 724 3869 Sebaste
739 3815 919 3872 nominatur:
941 3814 977 3871 de
998 3814 1099 3888 quibus
1120 3815 1198 3872 Deus
1218 3832 1269 3888 per
1289 3829 1357 3887 pro·

122 3927 127 3940 ·
150 3929 156 3951 ι
258 3890 373 3964 phetam
396 3892 433 3948 ad
454 3893 552 3950 Achaz
577 3891 657 3960 dixit,
686 3893 730 3948 Ne
758 3896 861 3962 timeas,
887 3913 971 3968 neque
997 3895 1088 3952 anima
1112 3902 1161 3950 tua
1186 3895 1315 3968 langueat
1338 3911 1358 3950 ο

259 3971 361 4027 duobus
375 3972 492 4045 iignum
506 3973 623 4029 ὶοιτίδυο
637 3972 678 4028 itis
690 3971 899 4049 fumiqantibus.
921 3975 959 4031 Et
973 3993 1059 4049 quum
1072 3974 1217 4032 interitum
1230 3973 1357 4030 virorum

258 4049 392 4107 contiuno
406 4070 497 4126 neque
511 4051 602 4108 multo
616 4052 819 4128 postfuturum
835 4053 961 4119 dixisset,
978 4055 1110 4130 deinceps
1131 4056 1207 4111 canit
1221 4051 1355 4130 quemad-

257 4129 374 4184 modum
395 4131 424 4185 iu
444 4132 592 4188 nobiscum
612 4131 698 4189 futuri
713 4134 767 4190 Dei
786 4141 860 4198 ortu,
880 4134 992 4208 penitus
1011 4136 1158 4192 amborum
1173 4133 1357 4209 extinguetur

258 4214 288 4264 et
309 4207 477 4264 dissolvetur
503 4229 633 4283 regnum.
677 4211 862 4270 Ostendimus
889 4227 984 4271 eutem
1012 4214 1047 4270 ab
1075 4215 1192 4271 historin
1220 4212 1356 4288 quemad·

258 4285 374 4342 modum
397 4305 483 4359 usque
505 4289 540 4344 ad
561 4297 690 4364 tempora
710 4293 848 4349 adventus
870 4293 1025 4351 Salvatoris
1045 4295 1136 4351 nostn'
1150 4294 1219 4352 Jesu
1237 4292 1374 4360 Christi..
