3132 4714
56 243 183 326 -30a
439 241 663 308 nemanso.
687 241 857 309 avaro.
883 243 945 307 v1.
965 263 1015 328 25.
1233 241 1297 308 sle

173 441 187 473 ι
249 399 441 505 Ἀντικρυς
460 406 518 482 καὶ
536 405 574 482 ἐν
593 404 730 489 τούτοις
748 406 770 503 ἡ
790 414 853 484 τοῦ
875 405 1009 506 Κυρίου
1027 409 1076 486 εἰς
1089 401 1297 504 ἀνθρώπους

196 528 380 628 παρουσία
414 533 595 627 δηλοῦται.
666 533 737 610 Καὶ
772 529 959 632 ἐπειδίμτερ
990 529 1123 630 εἴρηται
1157 533 1202 615 ὡς
1235 531 1298 636 πῦρ

198 653 292 759 ἥξειν,
312 651 453 738 εἰκότως
481 659 596 759 φησὶν
624 657 644 734 ὁ
675 656 802 759 Σωτὴρ
829 657 939 754 ἡμῶν,
960 658 1028 762 Πῦρ
1056 649 1148 748 ἦλθον
1176 657 1299 747 βαλεῖν

201 783 258 859 ἐπὶ
278 777 330 872 riri
342 778 413 881 γῖμ,
427 788 486 860 καὶ
504 785 540 860 τί
556 779 639 862 θέλω
658 791 684 862 εὶ
704 779 760 875 ἤδη
778 780 919 888 ἀνίφθης
943 782 1115 885 Ἂρματα
1133 779 1171 859 δέ
1190 782 1298 860 αὐτοῦ
1312 817 1340 851 ιο

199 904 264 987 τάς
282 905 555 1010 δορυφοροῦσαι*
572 907 680 986 αὑτὸν
699 909 793 991 θείας
810 905 983 1007 δυνάμεις,
996 911 1054 987 καὶ
1072 906 1154 990 τοὺς
1169 908 1328 1014 ignaro-b

200 1029 427 1132 ρετουμένους
455 1033 550 1140 αὐτῷ
580 1033 692 1136 ἱεροὺς
719 1035 896 1136 ἀγγέλους
924 1035 1033 1117 εἴποις
1061 1031 1116 1131 ἀν,
1141 1040 1222 1136 περὶ
1249 1033 1299 1114 ὧν

202 1157 342 1259 εἴρηται,
363 1169 430 1236 Καὶ
460 1159 638 1262 προσῆλθον
663 1158 813 1263 ἀγγελιι
844 1166 905 1242 καὶ
936 1157 1092 1252 διηκόνουν
1120 1166 1222 1268 αὐτῷ,
1240 1164 1299 1240 καὶ

201 1281 282 1366 τοῦς
300 1280 411 1385 ίεροῦς
427 1282 658 1370 ἀποστόλους
676 1289 785 1367 αὐτοῦ
809 1292 868 1366 καὶ
889 1285 1062 1385 μαθητὰς,
1080 1284 1132 1370 οἷς
1150 1285 1321 1391 &roxani-s

200 1443 304 1508 μενος
322 1411 429 1518 ε’νθέερ
446 1415 505 1490 καὶ
529 1412 669 1520 ἀοράτῳ
689 1413 832 1512 δυνάμει
855 1416 874 1492 ό
899 1421 962 1491 τοῦ
980 1418 1077 1492 Θεοῦ
1096 1410 1215 1514 Λόγος
1233 1411 1300 1510 τὴν

177 1543 325 1619 ιπᾶσαν
343 1538 527 1639 διέδραμεν
544 1541 760 1638 οἱκουμεῦην.
813 1537 964 1639 Λέγοιτο
983 1540 1014 1618 δ’
1034 1534 1080 1617 ἀν
1098 1541 1156 1618 καὶ
1175 1537 1300 1622 ἄλλως

199 1662 290 1764 πρὸς
318 1662 428 1768 λέξιν,
450 1673 524 1768 πῦρ
551 1669 609 1745 καὶ
638 1663 781 1769 ἅρματα
809 1663 1127 1766 καταγγέλλεσθαι
1155 1664 1226 1743 σῦν
1247 1649 1299 1769 ’τῇ

199 1791 309 1870 αὐτοῦ
332 1793 513 1897 παρουσίᾳ
531 1790 589 1870 διά
612 1791 678 1891 τὴν
704 1800 986 1887 καταλαβοῦσαν
1003 1792 1215 1892 πολιορκίαν
1233 1789 1299 1889 τὴν

198 1914 438 2016 Ἰερουσαλὴμ
456 1915 545 2013 μετά
562 1915 628 2015 τὴν
646 1927 729 1998 οτοῦ
748 1922 916 2020 Σωτῆρος
934 1919 1035 2016 ἡμῶν
1059 1915 1195 2022 ἄφιξιν,
1214 1921 1295 2014 μεθ’
1310 1948 1339 1981 10

198 2037 244 2138 ἢν
271 2041 335 2119 οῦκ
362 2046 408 2123 είς
436 2041 575 2143 μακρὰν
600 2044 621 2120 ὁ
649 2042 715 2141 μὲν
740 2041 825 2127 νεὼς
850 2040 954 2125 αὐτὸς
979 2044 1215 2144 ε’πυρπολεῖτο
1240 2047 1323 2122 καὶο

197 2163 265 2263 τὴν
291 2164 451 2269 ἐσχάτην
481 2169 663 2264 ὑπέμεινεν
687 2169 886 2270 έρημίαν,ἡ
914 2169 952 2247 δὲ
979 2167 1086 2250 πόλις
1114 2169 1298 2268 ε’κυκλώθη

199 2291 269 2372 ἀπὸ
295 2291 463 2395 ἀρμάτων
488 2299 545 2373 καὶ
574 2294 829 2396 στρατοπέδων
856 2301 1070 2392 πολεμικῶν,
1089 2296 1169 2391 μεθ’
1190 2292 1214 2373 ἀ
1239 2300 1298 2373 καὶ

197 2411 265 2495 ἀτδι
282 2419 363 2518 περὶ
381 2423 453 2495 τῶν
474 2419 585 2498 ἐθνῶν
608 2417 776 2498 ἀπόντων
797 2422 1073 2519 προηγγελμένα
1091 2414 1299 2520 συμφώνως

173 2545 246 2646 argi
264 2543 464 2650 προφητείᾳ
482 2541 608 2627 τέλους
627 2544 760 2648 ἔτυχεν.
803 2546 869 2628 Τίς
888 2546 918 2623 δ
938 2545 1002 2623 οῦκ
1021 2541 1066 2622 ἀν
1084 2543 1321 2640 θαυμάσειεν5

200 2667 339 2749 ἀκούων
352 2678 416 2748 τοῦ
432 2671 567 2773 Κυρίου
585 2669 643 2750 διά
661 2677 725 2749 τοῦ
742 2671 932 2778 προφήτου
945 2668 1299 2775 λέγοντοςίΕρχιμαι

375 2873 388 2904 ⁰
403 2865 438 2921 είς
452 2865 532 2938 ἡμᾶς]
547 2869 594 2952 τοῦ
608 2867 725 2936 Σωτῆρος
739 2866 810 2934 ἡμῶν
825 2865 857 2922 Ρ.
940 2859 1002 2917 dra
1016 2863 1078 2917 add.
1094 2863 1125 2916 P.

201 3009 230 3063 εἰς
242 3007 377 3080 gentibus.
420 3007 583 3065 Plenissime
598 3008 682 3065 etiam
700 3008 730 3065 in
750 3009 794 3065 his
815 3007 932 3064 Domini
953 3007 1091 3064 adventus
1112 3005 1148 3062 ad
1168 3003 1298 3061 homines

201 3087 351 3152 indicatur,
363 3097 392 3144 et
403 3089 536 3164 quoniam
551 3089 596 3146 hic
610 3089 716 3146 dictum
731 3097 783 3154 est,
795 3088 872 3145 illum
887 3097 919 3145 ct
933 3090 1020 3162 ignem
1034 3095 1184 3154 venturam,
1196 3085 1298 3143 merito

203 3165 335 3226 Salvator
348 3179 445 3226 noster
458 3170 507 3234 ait,
525 3171 616 3242 Ignem
629 3173 689 3226 ceni
701 3174 809 3227 mittere
824 3170 852 3226 ιἰι
867 3175 974 3236 mrem,
990 3176 1017 3225 ct
1035 3169 1099 3242 quid
1116 3169 1178 3224 volo
1198 3171 1223 3224 ri
1235 3165 1298 3238 jam
1340 3183 1389 3224 nus.
1398 3192 1460 3233 ειμι.

202 3267 329 3306 cremeas
350 3249 414 3305 eat?
442 3250 550 3307 Currus
571 3268 639 3306 vero
660 3251 721 3325 ejus
742 3251 879 3325 stipantes
898 3250 990 3324 ipsum
1013 3248 1122 3305 divinas
1142 3255 1298 3322 potestates

202 3328 442 3404 inservientesquc
466 3331 519 3405 ipsi
544 3341 658 3388 sanctos
683 3331 801 3406 angelos
825 3330 973 3388 commode
998 3329 1112 3394 dixeris,
1139 3328 1174 3384 de
1197 3328 1298 3402 quibus

202 3409 272 3466 illud
285 3410 393 3466 ffictum
407 3419 460 3477 est,
474 3411 516 3468 Et
528 3419 693 3468 acesserunt
708 3411 798 3485 απριίὶ
807 3421 834 3468 et
847 3409 1041 3466 υιὶυίιεταδαιιτ
1054 3412 1086 3473 ci,
1101 3416 1216 3465 sanctos
1229 3408 1297 3463 item
1327 3441 1332 3449 ·

202 3490 329 3563 ejusdem
344 3491 489 3565 apostolos
503 3510 536 3548 ac
550 3491 711 3566 discipulos,
727 3491 827 3565 quibus
840 3491 985 3546 invectum
996 3489 1090 3545 divim
1103 3496 1187 3561 atque
1202 3487 1297 3542 invisi·

202 3568 252 3626 bili
267 3569 371 3626 virtute
387 3569 444 3628 Dei
458 3570 585 3628 Verbum
598 3589 713 3628 omnem
727 3570 883 3645 permeavit
895 3577 1034 3626 terrarum
1049 3569 1155 3624 orbern.
1201 3567 1300 3622 Potest

202 3650 288 3707 etiam
303 3649 385 3708 aliter
398 3651 454 3709 dici
467 3653 503 3709 ad
517 3652 650 3709 verbum:
673 3651 769 3726 ignem
784 3659 813 3708 et
827 3669 925 3707 currus
943 3667 1001 3704 una
1015 3665 1079 3704 cum
1100 3647 1161 3718 ejus
1175 3646 1299 3702 adventu

203 3730 373 3796 denuntiari,
388 3742 503 3807 propter
516 3751 589 3796 eam,
605 3751 666 3806 quae
682 3731 859 3788 Hierusalem
874 3729 1023 3807 oppressit,
1038 3726 1213 3785 obsidionem
1235 3735 1300 3799 post

203 3809 361 3870 deatoris
375 3814 464 3870 nostri
478 3813 647 3870 adventum:
663 3819 728 3886 post
742 3831 826 3888 quem
840 3810 917 3869 haud
930 3809 1020 3866 multo
1035 3808 1170 3882 templum
1186 3806 1299 3883 quidem

203 3891 296 3965 ipsum
310 3892 378 3968 igne
399 3895 544 3950 incensum
564 3901 617 3959 eet,
632 3901 662 3949 et
675 3901 832 3950 extremam
853 3890 969 3966 pertiilit
983 3889 1180 3946 vastationem.
1224 3888 1300 3946 Urbs

204 3990 273 4028 vero
287 3971 450 4030 circundata
463 3981 507 4030 est
521 3973 648 4030 curribus
662 3981 691 4029 et
705 3973 874 4030 exercitibus
888 3971 1012 4028 bellicis:
1028 3979 1189 4044 postquem
1204 3987 1300 4026 casum

205 4052 291 4110 etiarn
306 4071 349 4117 ea,
365 4072 427 4127 quae
444 4053 479 4111 de
498 4053 607 4110 conctis
628 4053 761 4127 gentibus
779 4052 913 4126 praedicta
929 4051 1050 4115 fuerant.
1065 4051 1131 4107 huic
1146 4049 1300 4125 prophetiae

205 4140 427 4190 consentaneum
451 4135 537 4191 finem
565 4134 666 4190 sortita
690 4142 764 4190 sunt.
807 4133 950 4188 Caeterum
976 4132 1038 4204 quis
1067 4150 1124 4187 non
1148 4130 1301 4187 admiretur

205 4212 324 4270 audiens
337 4213 491 4272 Dominum
510 4231 562 4289 per
582 4214 748 4288 prophetam
764 4212 915 4276 dicentem.
935 4211 1019 4268 Venio
1033 4229 1200 4284 congregare
1213 4228 1303 4266 ονιυευ

204 4301 297 4366 genter
320 4303 347 4350 et
371 4295 487 4369 linguas.
508 4313 594 4369 quum
611 4295 706 4350 videat
728 4295 756 4351 in
782 4292 867 4358 omni,
889 4309 1060 4366 quaecunque
1085 4291 1121 4346 ab
1143 4288 1304 4345 hominibus
