3108 4708
44 223 211 304 -508·
466 230 696 298 DEMONsu.
720 235 890 300 nvnnc.
915 236 961 300 x.
976 237 1008 302 a.
1239 240 1323 303 τοοκ

222 391 312 476 εἰκὸς
339 394 500 475 τοιοῦτόν
525 430 606 477 τινα
634 398 933 501 παρακούσαντας
960 399 1048 480 κύνα
1077 401 1242 500 θανάτου,
1265 407 1323 482 καὶ

222 527 349 597 τοῦτον
376 520 594 628 τρικέφαλον
622 523 921 631 ἀναζωγραφεΐν·)
963 530 1021 604 καὶ
1052 527 1155 630 μέχρι
1185 527 1223 607 δὲ
1250 535 1324 607 τῶν

222 643 422 748 φαρύγγων
439 655 503 725 τοῦ
521 650 838 748 προδεδηλωμένον
863 650 1006 734 λέοντος
1028 652 1155 748 ἐλθὼν,
1175 657 1233 732 καὶ
1257 651 1345 752 τήνε

221 772 436 850 ταπείνωσιν
459 775 566 852 αὑτοῦ
590 781 663 857 τοῖς
686 774 893 859 ἀντιπάλοις
919 781 977 855 καὶ
1000 779 1187 882 θεομάχοις
1210 813 1319 878 μονο·

222 896 373 998 κέρασιν
393 901 643 1003 ὑποστρώσας,
654 904 712 980 καὶ
731 905 788 980 ἐπὶ
806 902 911 981 τοῦτό
928 937 971 1004 γε
984 902 1103 986 ίτέλος
1116 904 1181 1003 τήν
1198 913 1324 985 πᾶσαν

221 1025 420 1119 οἰκονομίαν
451 1029 515 1123 τῆς
547 1027 672 1104 ἑαυτοῦ
704 1026 886 1109 κενώσεῶς
914 1061 951 1107 τε
985 1034 1043 1106 καὶ
1075 1031 1323 1115 ταπεινώσεως

220 1145 375 1244 στήσας,
393 1148 541 1228 κᾶπειτα
564 1149 754 1255 εὐξάμενος
772 1151 841 1250 ἤδη
864 1151 992 1233 λοιπὸν
1016 1160 1136 1256 τυχεῖν
1154 1159 1216 1250 τῆς
1233 1161 1363 1248 tlon-10

221 1273 316 1356 θείας
343 1276 401 1352 καὶ
430 1278 494 1373 τῆς
520 1275 619 1376 παρά
647 1285 711 1354 τοῦ
738 1275 874 1377 πατρὸς
902 1277 1139 1384 ἀντιλήψεως,
1158 1280 1321 1380 ἐπιλέγει,

221 1394 262 1476 el
289 1393 336 1488 θέ,
358 1398 459 1505 Κύριε,
480 1398 526 1505 μή
553 1400 717 1516 μακρύνης
737 1401 791 1495 τήν
815 1401 962 1495 βοήθειάν
988 1441 1064 1509 μου,
1085 1411 1131 1489 είς
1149 1402 1201 1495 τήν
1227 1412 1301 1483 ἀντί
1304 1451 1319 1464 -

176 1517 331 1630 94ληςήίι
354 1562 421 1629 μου
444 1528 605 1634 πρύσχες.
668 1531 740 1606 Καὶ
761 1531 855 1607 τοῦτ’
876 1529 984 1608 εἰπὼν
1009 1530 1071 1608 ούκ
1093 1535 1141 1612 εἰς
1159 1529 1322 1631 Ιςμακρὸν

217 1648 371 1748 ἐπηκόου
395 1657 460 1728 τοῦ
484 1651 620 1753 πατρὸς
644 1651 820 1755 τνγχάνει,
843 1652 893 1750 μή
918 1654 1185 1754 μακρυνθέντος,
1204 1653 1254 1753 μή
1283 1654 1433 1740 le=50⁸

217 1772 260 1854 τὸ
284 1774 511 1878 βραχύτατον
537 1779 780 1880 ὑπερθεμένου,
800 1781 917 1861 αὐτοῖς
935 1779 974 1858 δὲ
998 1779 1113 1882 ἔργοις
1131 1785 1320 1884 μονονουχὶ

217 1900 404 2004 φήσαντος
437 1903 544 2006 αὐτῷ,
575 1903 619 1980 ἔτι
650 1906 831 1986 annotinis
862 1939 931 1993 σον,
964 1905 1030 2011 ipsi,
1063 1901 1129 1984 idcir
1162 1904 1316 2010 mipene.

220 2028 292 2103 Kal
324 2023 368 2121 δή
401 2028 494 2104 τοῦτ’
524 2025 746 2123 αἰσθόμενος,
774 2031 837 2126 τῆς
866 2060 904 2106 τε
936 2033 1108 2128 πατρικῆς
1140 2030 1317 2127 βοηθείας,

217 2149 377 2252 καθάπερ
394 2150 538 2254 ηὔξατο,
556 2149 684 2254 τνχων,
703 2154 861 2230 ἐντεῦθεν
886 2152 1015 2231 λοιπὸν
1033 2152 1234 2256 ἀπάρχεται
1253 2163 1339 2232 τοῦς

217 2271 383 2349 έπινικίου
425 2273 545 2368 ὕμνον,
583 2272 671 2373 ὑπὲρ
707 2276 771 2371 τῆς
807 2274 952 2371 ἑωθινῆς
991 2274 1218 2379 ἀντιλήψεως
1255 2275 1318 2353 τὸν

217 2393 376 2492 Ψαλμὸν
400 2397 615 2493 ποωύμενος,
641 2401 679 2476 ἐν
706 2395 758 2480 οἶς
784 2403 888 2499 φησὶ,
918 2393 1121 2502 θιηγήσομιιι
1150 2399 1184 2478 ri
1215 2399 1318 2506 ίιομά

218 2554 276 2598 σου
304 2523 370 2604 τοῖς
396 2518 562 2625 ἀάελφιῖς
590 2556 667 2623 μου,
696 2523 726 2598 ir
757 2523 854 2627 μέσῳ
884 2525 1073 2612 ἐκκλησίας
1101 2525 1230 2625 ὑμνήσω
1262 2557 1312 2601 σε.

175 2644 381 2744 ςεΠράτοις
405 2644 470 2740 μέν
494 2646 556 2723 οὖν
581 2651 655 2727 τοῖς
677 2646 802 2722 ἑαυτοῦ
820 2650 995 2741 μαθηταῖς
1013 2651 1070 2721 καὶ
1096 2643 1316 2727 ἀποστόλοις
1327 2681 1357 2717 10

268 2810 277 2853 i
290 2811 380 2884 τέλος]
396 2813 488 2871 τέλους
503 2815 534 2870 P.
618 2809 758 2884 ιμακρὰν]
774 2813 872 2883 μακρὸν
886 2811 914 2868 S.
931 2821 959 2866 et
972 2829 1035 2866 mox
1048 2811 1220 2882 μοκρυθέντος
1235 2812 1266 2868 P.

215 2954 285 3028 ejus,
300 2955 348 3029 qui
361 2954 417 3011 illic
431 2955 534 3013 dicitur
549 2957 637 3020 cenis,
654 2953 704 3027 (ex
725 2974 781 3031 quo
801 2955 886 3012 etiam
904 2955 1055 3031 scriptores
1077 2955 1242 3012 Groecorom
1263 2974 1315 3029 par

216 3042 260 3090 est
278 3053 364 3108 quum
384 3036 419 3090 de
440 3036 490 3092 teli
510 3055 580 3092 cene
599 3037 781 3100 audivissent,
796 3037 843 3110 qui
865 3055 932 3092 orco
953 3035 1110 3100 inserviret,
1124 3035 1200 3092 hune
1221 3035 1314 3113 ipsum

215 3113 366 3187 tricipitem
378 3113 600 3190 pinxisse,)item
611 3116 658 3190 qni
669 3134 758 3189 usque
772 3116 809 3173 ad
821 3116 916 3174 fauces
931 3117 1001 3190 ejus.
1015 3116 1051 3173 de
1065 3134 1121 3190 quo
1132 3115 1193 3188 jam
1206 3115 1314 3172 dictum

214 3201 268 3258 est,
283 3193 372 3250 leonis
386 3194 518 3268 perrexit,
533 3203 563 3252 et
581 3195 768 3252 humilitatem
789 3214 869 3252 suam
892 3196 1058 3252 adversariis
1072 3205 1101 3252 et
1117 3195 1180 3251 Deo
1194 3194 1314 3251 inimicis

213 3273 396 3330 unicornibus
411 3275 574 3340 substravit,
589 3283 619 3332 et
631 3275 793 3350 hujusmodi
808 3276 864 3332 fine
879 3294 993 3331 omnem
1008 3293 1066 3331 sure
1081 3274 1272 3330 evacuationis
1285 3282 1315 3330 et

214 3351 380 3410 humilitatis
399 3354 637 3429 dispensationem
655 3355 826 3421 terminavit,
842 3374 874 3412 ac
896 3355 997 3411 deinde
1018 3363 1148 3428 precatus
1169 3363 1222 3418 est,
1239 3353 1315 3426 quod

210 3431 272 3506 jam
293 3432 431 3506 reliquum
452 3443 521 3500 erat,
541 3453 572 3492 sc
591 3443 621 3491 et
640 3435 737 3492 auxilii
755 3446 785 3491 et
807 3434 993 3508 susceptionis
1012 3441 1129 3507 epatre
1152 3441 1314 3509 compotem

215 3512 285 3574 fieri,
306 3511 376 3569 illud
396 3513 535 3588 adjungit,
555 3516 597 3571 Tu
617 3522 707 3571 aulem
731 3516 848 3571 Domine
868 3532 903 3570 ne
923 3513 1021 3588 procul
1036 3531 1163 3570 amouens
1183 3512 1315 3568 ancilium

214 3600 352 3655 menone!
372 3596 565 3667 susceptionem
586 3611 672 3651 mecm
693 3596 801 3666 respice.
845 3593 931 3662 Quod
944 3613 1012 3650 sene
1027 3593 1074 3650 ubi
1091 3592 1172 3655 dixit,
1187 3610 1245 3647 non
1267 3590 1315 3646 diu

215 3679 342 3728 moratus
363 3691 380 3728 a
400 3682 481 3747 petre
502 3692 554 3730 suo
574 3680 619 3730 est
641 3673 762 3747 auditus,
778 3673 826 3746 qui
845 3673 959 3746 quidem
978 3691 1070 3746 neque
1091 3679 1239 3728 cunctatus
1260 3678 1313 3734 est,

214 3767 306 3822 neque
316 3751 393 3824 quod
403 3753 498 3808 statim
508 3751 600 3810 facere
610 3761 723 3825 poterat
732 3753 761 3808 in
771 3753 889 3826 longum
903 3751 1021 3816 distulit,
1032 3749 1081 3807 scd
1096 3769 1126 3806 rc
1141 3751 1201 3822 ipse
1211 3767 1313 3822 prope-

215 3830 333 3886 modum
344 3831 380 3886 ad
392 3831 470 3887 illum
480 3833 636 3907 respondit,
645 3832 743 3888 Adhuc
752 3834 875 3906 loquente
885 3839 918 3894 le,
928 3831 1088 3894 dinomenes
1095 3831 1197 3884 adsum.
1214 3829 1313 3900 Itaque

214 3906 239 3963 is
262 3909 309 3982 qui
332 3910 387 3967 hoc
410 3911 503 3985 ipsum
521 3913 581 3986 jam
607 3919 743 3974 senserat,
765 3921 795 3967 ct
816 3909 924 3983 paterni
949 3909 1055 3974 auxilii,
1075 3907 1313 3980 quemadmodum

214 3989 430 4063 supplicaverat,
450 4009 566 4065 compos
587 3987 771 4066 sactussserat
793 4000 854 4046 tum
876 3988 996 4061 denique
1018 3987 1094 4043 illinc
1116 3985 1257 4061 hymnum
1278 3987 1315 4042 ed

215 4067 362 4126 victoriam
378 4069 501 4134 inchoet,
517 4069 584 4126 dum
605 4089 656 4145 pro
671 4069 810 4126 matutine
824 4068 1003 4141 susceptione
1018 4065 1160 4123 Psalmum
1174 4066 1251 4130 facit.
1267 4065 1314 4122 ubi

215 4145 264 4211 eit,
280 4145 415 4223 Narrabo:
429 4167 523 4205 nomen
544 4158 619 4208 tuum
631 4149 771 4223 frutribus
783 4150 856 4212 neeis,
871 4150 899 4204 in
914 4147 999 4202 medio
1013 4149 1127 4204 ecclesie
1142 4146 1260 4202 laudubo
1279 4150 1314 4200 le.

215 4223 317 4283 Primis
341 4228 416 4284 enim
442 4228 499 4286 suis
522 4229 664 4304 discipulis
689 4237 718 4284 et
738 4227 874 4302 apostolis
897 4245 958 4299 quae
981 4226 1017 4282 ad
1038 4245 1117 4282 suam
1138 4225 1264 4282 letitiam
1286 4229 1315 4278 et

722 4340 807 4394 τυ
