3120 4716
268 253 333 318 aro
715 252 902 318 nusnnn
1346 251 1507 333 ρηο-

270 417 378 498 Καιιέι
402 415 437 498 di
459 428 504 506 εἰς
527 420 623 500 aicit
644 421 741 501 ἔθεντο
759 429 830 502 ἀντὶ
851 422 997 522 ιἰγαθῖιν,
1021 431 1079 503 καὶ
1099 427 1200 527 μῖσος
1222 429 1291 500 αντὶ
1312 420 1371 512 τῆς
1551 383 1552 434 ί

268 549 480 645 ἀγαπήσεως
509 550 618 636 αὐτοῦ,
640 547 697 625 ὅτε
724 548 864 648 πονηροὶ
891 551 1094 628 διετέθειντο
1125 547 1188 626 τὸν
1220 551 1371 648 Σωτῆρα

268 673 325 748 καὶ
354 670 539 771 εὐεργέτην
563 676 620 760 καὶ
645 672 876 770 διδάσκαλον,
901 675 1025 777 μυρίας
1054 673 1145 757 ὅσας
1174 671 1285 756 ίιὶσεις
1312 674 1370 750 καὶ
1381 702 1411 735 10

268 797 454 896 θεραπείας
473 795 594 899 λόγων
613 833 651 876 τε
670 801 904 884 διδασκαλίας
922 804 979 879 καὶ
1009 801 1179 881 παντοίας
1198 799 1398 901 ὠφελείαςά

228 923 386 1008 ηαύτοῖς
411 924 696 1026 παρεσχημένου.
755 927 859 1005 Ἀνθ’
881 923 941 1020 ὧν,
967 921 1141 1032 ἐπειδήπερ
1172 923 1271 1005 sandi
1298 929 1369 1002 cirri

270 1047 404 1149 ιἰγοιθῶν
424 1047 520 1128 ἔθεντο
548 1057 624 1129 κατ’
643 1053 754 1140 αὐτοῦ,
776 1061 835 1130 καὶ
861 1057 961 1154 μῖσος
982 1058 1053 1131 ἀντὶ
1079 1051 1136 1143 ris
1161 1053 1372 1152 ἀγαπήσεως

270 1179 378 1264 αὐτοῦ,
399 1173 540 1258 είκότως
558 1176 721 1279 ἐπιλέγει,
744 1177 954 1270 κατάστησον
973 1183 1025 1257 ἐπ’
1046 1181 1140 1258 αὐτόν
1157 1176 1391 1283 &papatibus

273 1304 330 1380 aci
360 1296 523 1392 θιοίβολος
551 1307 658 1394 στήτω
688 1305 727 1382 εἰι
756 1300 864 1409 θεξιῶν
893 1307 1002 1385 αὐτοῦ.
1058 1311 1113 1382 Ἐν
1140 1312 1186 1409 τῷ
1212 1301 1370 1406 κρίνεσθαι

270 1429 366 1506 aritio
399 1426 518 1533 ἐξέλθοι
556 1424 901 1535 καταδεδικασμένος,
933 1440 991 1508 καὶ
1025 1469 1042 1522 η
1072 1426 1239 1534 προσευχη
1271 1431 1372 1506 αὑτοῦ

269 1550 425 1652 γενηθήτω
444 1561 489 1637 είς
508 1557 690 1660 ἁμαρτίαν.
742 1553 961 1648 Γενηθήτωσαν
984 1563 1022 1632 αι’
1046 1553 1161 1658 ἡμέραν
1181 1555 1279 1632 αὐτοῧ
1300 1555 1372 1631 ὀλί-

233 1710 347 1778 ιιγαι,
379 1686 438 1754 καὶ
472 1675 525 1769 την
552 1679 738 1770 ἑπισκοπην
770 1683 870 1757 αὐτοῦ
902 1676 1042 1771 λαβέτω
1074 1677 1183 1783 ἕτερος.
1232 1673 1284 1754 Ἃ
1313 1679 1411 1755 naim

270 1800 360 1878 αὐτὰ
393 1803 520 1880 ὁποίαν
552 1803 678 1906 ε’ίληφε
708 1801 773 1900 τὴν
805 1804 956 1897 ἔκβασιν
985 1806 1006 1880 ὁ
1039 1802 1129 1903 ἱερὸς
1162 1801 1372 1884 ἀπόστολος

1168 1925 1180 1968 i

272 1927 410 2026 Πέτρος
438 1927 638 2029 προλαβὼν
670 1927 923 2033 “διεσοὶφησεν,
951 1929 1005 2008 ἐπ’
1030 1927 1138 2006 αὐτὸν
1186 1927 1248 2005 τὸν
1276 1959 1367 2027 προ-

270 2047 377 2147 δότην
395 2053 605 2155 ἐφαρμόσας
623 2052 689 2149 τὴν
707 2053 865 2157 γραφήν.
927 2053 1003 2131 Καί
1018 2086 1079 2130 σοι
1092 2051 1141 2130 ’δέ
1164 2053 1259 2157 αὐτῷ
1277 2050 1370 2151 ποίρ·

270 2209 348 2252 εστι
374 2185 542 2278 συνορᾶν,
562 2185 591 2256 εί
615 2177 664 2276 μὴ
693 2180 910 2257 καθίσταται
928 2181 985 2256 ε’πὶ
1007 2176 1049 2255 τὸ
1068 2179 1247 2256 Ἰουδαίων
1273 2177 1372 2259 ἔθνος

269 2301 390 2403 ἅρχων
409 2305 466 2378 καὶ
484 2301 677 2401 ἡγούμενος
694 2303 917 2404 ἁμαρτωλὸς,
932 2299 960 2408 ᾧ
973 2300 1063 2401 μετὰ
1080 2301 1127 2380 τὰ
1144 2301 1369 2400 τολμηθέντα
1381 2341 1408 2392 15

269 2427 385 2506 αὐτοῖς
404 2424 495 2504 κατὰ
518 2435 582 2504 τοῦ
607 2432 774 2528 Σωτῆρος
793 2429 892 2525 ἡμῶν
914 2427 1176 2529 παρεδόθησαν,
1196 2431 1274 2506 ἀντὶ
1296 2433 1368 2505 τῶν
1551 2475 1552 2522 η

269 2549 384 2628 πάλαι
411 2553 545 2630 οἰκείων
573 2555 630 2630 καὶ
657 2557 837 2656 θεοφιλῶν
860 2551 1043 2656 ἀρχόντων
1066 2553 1292 2656 ἀλλοφύλοις
1310 2553 1367 2629 καὶ
1377 2585 1407 2648 p.
1417 2579 1487 2644 477

233 2673 546 2777 Ιεείδωλολοίτραις
572 2677 749 2756 δουλεύειν
775 2675 1113 2777 κατηναγκασμένα.
1169 2678 1235 2760 Τίς
1260 2679 1367 2755 dois

571 2905 583 2936 ⁰
598 2898 762 2966 διεσάφησαν
778 2897 806 2951 S.
890 2891 957 2948 ‘rav
971 2897 1028 2951 sdd.
1045 2897 1075 2949 P.

273 3085 360 3158 ipsum
380 3094 530 3156 posueruut
548 3105 601 3158 ρνο
616 3087 699 3150 bonu,
714 3093 739 3143 et
754 3085 843 3143 odiam
851 3104 906 3160 pro
920 3085 1062 3141 dilectione
1075 3087 1166 3158 ipsias,
1182 3102 1268 3156 quum
1289 3082 1369 3138 malis

275 3164 429 3218 affecerunt
442 3165 534 3237 ipsum
549 3165 724 3221 Salvatorem
739 3175 768 3221 et
781 3165 853 3221 bene
867 3165 902 3220 de
917 3165 985 3238 ipsis
1000 3165 1131 3221 meritum
1146 3171 1176 3219 et
1189 3163 1368 3236 magistrum,

275 3244 321 3316 qui
342 3243 560 3300 innumerabiles
582 3246 743 3301 sanationes
762 3253 792 3301 et
813 3244 937 3300 medelas
962 3261 1179 3316 sermonumque
1200 3242 1371 3297 documenta

273 3333 302 3380 ct
317 3323 408 3378 omnis
423 3325 535 3398 generis
551 3325 686 3380 utilitates
701 3323 769 3398 ipsis
782 3325 961 3397 praestiterat.
994 3324 1074 3391 Quas
1088 3323 1125 3379 ob
1139 3341 1185 3378 res
1200 3322 1371 3394 quamarcia

270 3423 322 3478 pro
345 3403 421 3459 bonis
443 3408 570 3460 citamus
594 3405 682 3478 ipsum
701 3407 853 3479 posuerint,
876 3411 902 3460 et
927 3403 1016 3458 odium
1039 3421 1092 3476 pro
1113 3403 1256 3458 dilectione
1278 3403 1370 3473 ipsius,

273 3483 375 3539 merito
396 3483 535 3557 adjungit,
559 3485 699 3539 Constitue
719 3503 798 3556 super
817 3501 875 3538 eum
892 3491 1067 3556 peccatorem,
1087 3489 1113 3537 et
1137 3482 1263 3537 diabolus
1282 3487 1334 3534 stet
1354 3497 1371 3533 α

273 3564 375 3618 destris
389 3562 454 3633 ejus
500 3565 574 3618 Dum
583 3562 735 3634 judicatur,
751 3570 828 3618 ασθαι
843 3565 1044 3629 condemnatus,
1060 3570 1087 3617 et
1101 3563 1190 3616 oratio
1203 3563 1260 3628 ejus
1272 3561 1329 3628 fiat
1342 3561 1371 3612 ia

270 3651 421 3716 peccatum.
465 3644 547 3698 Fam
565 3644 621 3698 dies
639 3646 694 3711 ejas
711 3646 806 3716 pauci,
822 3650 849 3697 et
871 3643 1049 3716 episcopatum
1071 3639 1131 3710 ιηίις
1151 3640 1267 3712 accipiat
1288 3640 1369 3693 cuer.

273 3722 345 3789 Qum
361 3723 472 3796 quidem
487 3723 548 3793 ipsa
561 3741 646 3794 quem
661 3722 767 3778 exitum
784 3720 958 3777 sortita·sint
978 3730 1091 3776 sanctus
1112 3719 1256 3793 apostolus
1271 3717 1372 3773 Petrus

272 3802 356 3874 paulo
372 3811 437 3858 ante
451 3802 593 3864 indicavit,
608 3803 676 3858 dum
696 3802 863 3874 scripturam
878 3800 952 3856 hanc
966 3800 1002 3856 ad
1016 3800 1108 3872 ipsum
1127 3798 1301 3872 proditorem
1323 3813 1370 3852 ac-

273 3884 443 3938 commodat.
486 3883 523 3937 Et
537 3901 604 3938 sane
619 3881 670 3938 tibi
685 3881 738 3954 ipsi
752 3881 865 3936 interim
879 3881 945 3935 licet
958 3879 1071 3943 intueri,
1087 3897 1155 3934 num
1174 3895 1259 3951 super
1272 3876 1371 3932 Judai-

273 3978 335 4014 cam
353 3971 468 4034 gentem
490 3962 660 4019 constitutus
682 3961 718 4016 sit
739 3961 870 4036 princeps
891 3979 923 4015 ac
945 3959 1003 4015 dux
1024 3967 1165 4032 peccator,
1181 3957 1226 4012 cui
1240 3956 1372 4012 videlicet

273 4047 337 4109 post
363 4041 468 4097 scelera
493 4042 627 4098 adversus
653 4041 829 4098 salvatorem
858 4049 986 4095 nostrum
1011 4039 1196 4094 audacissime
1220 4036 1372 4092 commissa

273 4117 369 4173 traditi
398 4129 471 4181 sunt,
501 4121 690 4195 interimpro
719 4120 840 4192 antiquis
865 4129 893 4175 et
916 4119 1041 4192 ipsorum
1066 4117 1228 4173 domesticis
1253 4116 1371 4188 Deoque

273 4193 370 4246 curicis
392 4195 563 4267 principibus
583 4201 707 4254 externis
727 4208 756 4254 et
776 4199 944 4254 simulachra
965 4198 1123 4254 colentibus
1144 4195 1249 4253 servire
1271 4195 1370 4252 coacti.

275 4269 416 4323 Caeterum
433 4273 493 4340 quis
509 4277 623 4330 taudem
638 4297 695 4332 nou
711 4278 892 4350 obstupescat
907 4277 993 4352 ipsius
1008 4277 1198 4352 praedictionis
1213 4277 1369 4333 eventum?
