3108 4708
29 181 123 196 ··““·
138 165 217 233 507·
473 159 700 228 DEMONST.
726 163 897 230 EVANG.
922 167 969 231 X.
982 169 1011 232 8.
1245 170 1327 232 1001

228 327 361 421 νεκρῶν
388 324 633 423 ἀναστάσεως,
652 326 793 412 εἰκότως
821 333 878 409 ἐπὶ
905 339 969 409 τοῦ
992 331 1169 434 παρόντος
1194 335 1331 436 εὔχεται

229 442 389 549 διεξόδου
406 455 524 550 τυχεῖν
542 455 607 548 τῆς
628 458 700 530 τῶν
726 455 934 534 ἀντιπάλων
957 456 1201 561 παρατάξεως.
1260 456 1330 536 Διό

230 572 335 672 φησι,
354 570 396 649 οδ
419 567 464 668 δὲ,
486 571 655 680 Κιίριε,μῆ
680 582 846 690 μακρὺνης
870 576 924 673 την
947 577 1094 674 βιίθειοίν
1118 618 1193 682 μου,
1214 590 1259 667 εἰς
1278 580 1360 675 ried

188 689 411 803 οηάιτίληψίν
441 734 507 802 μου
539 703 700 805 πρίοχες.
760 702 834 781 Διά
864 704 937 807 γὰρ
968 709 1031 804 τῆς
1063 711 1134 805 σῆς
1164 709 1331 809 βοηθείας

230 823 252 920 ἡ
285 823 479 928 ἀντίληψίς
508 858 570 921 μοι
601 825 799 927 γενήσεται,
831 832 872 908 δι’
902 830 947 928 ἣν
978 833 1175 936 ἀντίληψιν
1207 834 1227 910 ὁ
1260 840 1331 916 πᾶς

230 945 371 1031 εἰκότως
402 950 672 1051 προγέγραπται
700 954 857 1053 Ψαλμὸς
886 955 965 1062 ὑπὲρ
997 956 1054 1050 τῆς
1083 957 1205 1049 ἑωθινοῖς
1233 965 1379 1046 ἀντι-ς

229 1066 384 1178 λήψεως.
445 1078 508 1157 Εἰς
526 1074 592 1173 τὴν
610 1078 807 1184 ἀντίληψιν
829 1089 1018 1183 τοιγαροῦν
1042 1079 1212 1184 πρόσχες,
1230 1116 1327 1183 παρ·

228 1195 320 1301 ἔχων
343 1233 404 1295 μοι
427 1198 493 1299 τὴν
516 1199 606 1280 ὅσον
631 1205 730 1283 οὔπω
754 1205 846 1285 κατὰ
867 1207 934 1305 την
961 1207 1007 1285 ἕω
1029 1205 1107 1306 ‘mir
1131 1209 1170 1286 ἐκ
1198 1214 1330 1308 νεκρῶν

229 1322 463 1408 ἀναστάσεως
485 1327 692 1432 ἀντίληψιν,
710 1329 753 1429 ἧς
774 1330 904 1432 ἐλπίζω
923 1330 1143 1437 8τεύξεσθαι,
1166 1329 1256 1410 ε’πδιν
1280 1329 1329 1428 μὴ

227 1448 408 1553 μακρύνας
432 1485 502 1550 μου
526 1453 646 1552 αὐτὴν,
665 1454 740 1569 ῥίνη
759 1458 831 1536 cirri
850 1461 1025 1563 ῥομφαίας
1044 1456 1097 1549 τάν
1115 1451 1234 1564 ψυχάν
1252 1493 1328 1560 μου,

230 1581 291 1655 καὶ
318 1577 357 1656 ἐκ
381 1579 488 1684 χιιρδε
514 1580 605 1665 euris
622 1575 682 1673 :riu
705 1582 859 1685 μονογενῆ
880 1611 956 1688 μου·
987 1581 1073 1662 ierim
1095 1583 1206 1696 πάσης
1224 1615 1268 1686 με
1289 1585 1369 1662 εἰιιο

231 1702 401 1805 στὸματος
427 1699 567 1794 λείντις,
590 1714 649 1785 καὶ
678 1707 749 1787 cirri
781 1709 920 1814 κεράτων
946 1707 1167 1813 μονικιράτων
1189 1705 1243 1800 την
1267 1741 1330 1787 τοι·
1338 1730 1370 1795 Ρ·
1381 1722 1443 1792 507

188 1829 379 1932 νοπείνιοσίν
396 1865 473 1933 μου.
531 1831 589 1908 Δι’
611 1826 663 1909 ὧν
684 1833 838 1933 ἡγοῦμαι
860 1833 969 1912 αὐτὸν
991 1833 1055 1918 τάς
1077 1835 1330 1937 καταχθονίους

230 1953 446 2033 αἰνίττεσθαι
473 1953 646 2051 δυνάμεις,
665 1953 715 2034 ὧν
734 1959 775 2037 οὐ
794 1961 876 2037 καθ’
896 1960 987 2056 ἡμᾶς
1005 1957 1049 2038 ἀν
1067 1961 1118 2059 εἴη
1143 1962 1219 2039 κατ’
1240 1957 1330 2043 εἶδος

231 2079 505 2159 διαστείλασθαι
532 2085 590 2159 καὶ
613 2084 750 2177 διελεῖν,
770 2082 866 2168 ὅπως
889 2085 910 2182 ἡ
938 2087 1004 2181 μέν
1027 2119 1080 2168 τις
1098 2086 1215 2164 αὐτῶν
1234 2087 1352 2186 pop-s

151 2194 154 2198 ’
232 2202 323 2306 φαία
355 2204 448 2281 οὖσα
479 2207 670 2284 ἀνετείνετο
703 2206 794 2286 κατὰ
824 2213 887 2306 τῆς
915 2216 1037 2314 ψυχης
1068 2218 1132 2290 τοῦ
1165 2215 1332 2313 Σωτῆρος

231 2327 340 2425 ἡμῶν,
368 2328 391 2425 ἡ
418 2328 461 2404 δέ
486 2363 539 2413 τις
569 2329 663 2408 κύων
692 2333 785 2410 οὖσα
815 2331 957 2440 θανάτῳ
985 2334 1052 2434 τὴν
1081 2332 1332 2439 θανατηφόρον

189 2484 219 2534 9¹
231 2459 332 2556 χεῖρα
364 2452 628 2555 προύβάλλετο,
659 2460 706 2537 είς
738 2455 780 2535 τὸ
811 2457 1051 2562 καθάψασθαι
1081 2461 1200 2556 αὐτῆς.
1259 2457 1330 2536 Διό

231 2583 334 2682 φησι,
353 2581 448 2682 ῥῦσαι
474 2578 546 2658 cirri
571 2583 747 2686 ῥομφαίας
765 2579 819 2672 τάν
836 2577 955 2688 ψυχήν
972 2619 1049 2685 μου,
1073 2591 1131 2661 καὶ
1159 2586 1197 2662 ιἰι
1221 2581 1329 2687 χειρδς
1340 2621 1369 2655 10

210 2701 323 2786 'eoric
342 2701 396 2793 τῗιν
414 2702 568 2808 μονογενῆ
590 2741 665 2808 μου.
720 2701 847 2804 Ἀλλη
872 2705 915 2782 δέ
934 2739 987 2788 τις
1010 2705 1148 2808 πονηρά
1175 2711 1233 2784 καὶ
1257 2712 1330 2784 τῶν

455 2895 522 2966 (τῆς
536 2901 595 2954 add.
612 2901 640 2953 S.
723 2909 740 2953 Ε
753 2899 903 2972 τεύξεσθαι]
918 2899 1057 2970 τεῦξασθαι
1072 2900 1101 2954 P.

232 3055 360 3112 evadere.
404 3056 544 3124 Quocirca
565 3057 605 3114 sic
629 3057 678 3123 eit,
704 3058 746 3113 Τιι
766 3065 859 3114 autem
882 3057 1006 3124 Domine,
1029 3076 1063 3113 ιιο
1083 3055 1183 3132 procul
1205 3073 1329 3112 umooece

232 3135 365 3192 omilium
377 3154 474 3202 meum,
488 3138 731 3211 adsumptionem
745 3155 831 3193 meum
843 3137 950 3211 respice.
987 3137 1101 3194 Etenim
1115 3137 1151 3194 ub
1165 3136 1270 3192 auxilio
1278 3143 1328 3192 tuo

232 3215 373 3288 susceptio
399 3215 467 3272 mihi
491 3216 594 3282 veniet,
619 3225 841 3291 propterquam
867 3216 1075 3290 susceptionem
1099 3223 1176 3296 totue
1198 3215 1329 3271 Psalmue

231 3294 333 3351 merito
354 3295 505 3369 inscriptus
526 3303 579 3360 eet,
599 3315 651 3371 pro
672 3297 838 3371 susceptione
862 3299 1007 3352 matutina.
1050 3293 1101 3350 Ad
1120 3292 1329 3367 susceptionem

231 3375 319 3448 igitur
328 3375 444 3449 respice,
454 3384 592 3449 praestuue
605 3376 674 3433 mihi
686 3395 769 3450 quam
778 3375 922 3433 celerrime
934 3375 985 3431 sub
997 3376 1085 3449 ipsum
1095 3391 1224 3430 aurorum
1233 3390 1327 3428 rever-

231 3454 317 3511 eionie
327 3455 470 3512 emortuis
479 3456 785 3530 susceptionemquam
794 3473 861 3512 eene
870 3473 953 3529 spero
961 3473 1007 3511 me
1013 3463 1329 3526 consecuturumquum

231 3553 292 3591 eum
307 3553 365 3592 non
378 3535 477 3609 procul
491 3554 508 3592 u
522 3554 567 3592 me
577 3535 727 3599 amoveris,
739 3544 765 3592 et
779 3537 911 3610 eripueris
920 3534 1054 3608 ufrcmec
1064 3535 1184 3590 unimam
1199 3539 1329 3596 ναυτικοί

231 3633 263 3670 εν
271 3633 352 3671 manu
363 3618 551 3672 confectricem
562 3634 658 3682 meum,
671 3622 697 3670 et
708 3634 788 3689 quum
797 3617 945 3671 servaveris
957 3633 997 3670 me
1007 3633 1039 3671 ee
1050 3633 1095 3670 ore
1106 3614 1196 3676 leonio,
1208 3620 1234 3667 et
1242 3629 1260 3666 ο
1269 3628 1327 3666 ccr-

230 3693 309 3750 ιιίδαο
320 3696 485 3751 unicornium
494 3695 674 3752 humilitatem
685 3714 780 3753 mecm.
797 3693 909 3762 Quibus
916 3695 1010 3750 verbis
1020 3695 1097 3750 illum
1108 3692 1230 3748 arbitror
1240 3688 1327 3764 signi-

231 3773 315 3830 ficure
323 3773 448 3830 infernae
457 3782 696 3848 potestatemquae
705 3793 772 3831 sane
781 3793 838 3830 nou
848 3783 976 3830 nostrum
986 3773 1070 3830 fuerit
1078 3771 1222 3846 speciatim
1229 3769 1328 3826 dietin-

230 3871 318 3927 guere
331 3871 365 3910 ec
379 3855 514 3918 dividere,
524 3853 761 3928 quemadmodum
776 3872 812 3911 ex
826 3855 867 3910 eie
882 3853 936 3909 eliu
949 3853 1072 3927 quidem,
1085 3870 1146 3925 quoe
1161 3851 1268 3906 framea
1282 3849 1330 3915 eit,

231 3933 391 3989 intentarit
405 3933 434 3989 in
449 3934 571 3990 animum
587 3932 742 3990 Salvatoris
755 3933 856 4001 nostri,
871 3933 1016 3997 alicuem,
1032 3951 1094 4007 queo
1112 3930 1166 4005 ipei
1186 3930 1272 3986 morti
1292 3929 1330 3986 sit

231 4012 316 4078 conis,
331 4013 505 4070 mortiferum
528 4032 643 4070 menum
664 4013 830 4089 porrexerit,
845 4020 876 4069 ut
890 4011 967 4068 illam
981 4012 1144 4087 attingeret,
1159 4029 1195 4068 ex
1209 4029 1266 4085 quo
1280 4009 1329 4074 eit,

230 4092 319 4166 Eripe
333 4113 349 4148 u
362 4093 476 4167 framea
491 4097 611 4151 unimam
626 4113 720 4162 mecm,
736 4102 762 4150 et
776 4095 810 4151 de
823 4111 904 4150 νιιονιιι
919 4093 994 4149 cuuis
1007 4093 1126 4150 animam
1143 4109 1236 4148 mecm.
1266 4089 1330 4146 Alie

231 4172 298 4227 item
313 4173 439 4248 maligue
460 4173 587 4248 quaedem
609 4181 743 4248 potestus,
759 4174 883 4230 omnium
902 4172 959 4229 illic
975 4172 1098 4231 ferorum
1113 4172 1252 4248 princepe,
1268 4186 1329 4242 qum

272 4285 339 4324 voc.
357 4287 390 4324 ιι.
799 4288 815 4343 3
832 4289 852 4332 o
