<?xml version="1.0" encoding="UTF-8"?>
<!DOCTYPE html PUBLIC "-//W3C//DTD XHTML 1.0 Transitional//EN"
    "http://www.w3.org/TR/xhtml1/DTD/xhtml1-transitional.dtd">
<html xmlns="http://www.w3.org/1999/xhtml" xml:lang="en" lang="en">
 <head>
  <title>
</title>
<meta http-equiv="Content-Type" content="text/html;charset=utf-8" />
  <meta name='ocr-system' content='tesseract 3.04.00' />
  <meta name='ocr-capabilities' content='ocr_page ocr_carea ocr_par ocr_line ocrx_word'/>
</head>
<body>
  <div class='ocr_page' id='page_1' title='image "./evangelicaedemo00donagoog/evangelicaedemo00donagoog_0168.png"; bbox 0 0 3130 4722; ppageno 0'>
   <div class='ocr_carea' id='block_1_1' title="bbox 468 135 1324 236">
    <p class='ocr_par' dir='ltr' id='par_1_1' title="bbox 468 135 1324 236">
     <span class='ocr_line' id='line_1_1' title="bbox 468 135 1324 236; baseline 0 -38"><span class='ocrx_word' id='word_1_1' title='bbox 468 135 696 236; x_wconf 66' lang='grc' dir='ltr'>συντόνου.</span> <span class='ocrx_word' id='word_1_2' title='bbox 723 137 893 200; x_wconf 81' lang='lat' dir='ltr'>nunna.</span> <span class='ocrx_word' id='word_1_3' title='bbox 921 139 997 201; x_wconf 82' lang='lat' dir='ltr'>vn.</span> <span class='ocrx_word' id='word_1_4' title='bbox 1017 158 1045 200; x_wconf 83' lang='lat'>2.</span> <span class='ocrx_word' id='word_1_5' title='bbox 1268 138 1324 200; x_wconf 80' lang='lat' dir='ltr'>ean</span> 
     </span>
    </p>
   </div>
   <div class='ocr_carea' id='block_1_2' title="bbox 230 299 1491 543">
    <p class='ocr_par' dir='ltr' id='par_1_2' title="bbox 230 299 1491 543">
     <span class='ocr_line' id='line_1_2' title="bbox 230 299 1480 416; baseline -0.001 -35"><span class='ocrx_word' id='word_1_6' title='bbox 230 299 418 407; x_wconf 71' lang='grc' dir='ltr'>ὑφεστάναι</span> <span class='ocrx_word' id='word_1_7' title='bbox 437 304 504 382; x_wconf 89' lang='grc' dir='ltr'>τίνι</span> <span class='ocrx_word' id='word_1_8' title='bbox 531 303 602 404; x_wconf 78' lang='grc' dir='ltr'>ἄρα</span> <span class='ocrx_word' id='word_1_9' title='bbox 628 301 845 406; x_wconf 84' lang='grc' dir='ltr'>ἐφαρμόττον</span> <span class='ocrx_word' id='word_1_10' title='bbox 873 300 917 381; x_wconf 82' lang='grc' dir='ltr'>ἂν</span> <span class='ocrx_word' id='word_1_11' title='bbox 942 302 964 402; x_wconf 82' lang='grc' dir='ltr'>ἢ</span> <span class='ocrx_word' id='word_1_12' title='bbox 990 303 1089 410; x_wconf 80' lang='grc' dir='ltr'>μόνῳ</span> <span class='ocrx_word' id='word_1_13' title='bbox 1115 309 1223 409; x_wconf 73' lang='grc' dir='ltr'>Θεῷ,</span> <span class='ocrx_word' id='word_1_14' title='bbox 1263 307 1330 383; x_wconf 86' lang='grc' dir='ltr'>Ἐκ</span> <span class='ocrx_word' id='word_1_15' title='bbox 1374 317 1425 416; x_wconf 59' lang='grc' dir='ltr'>νεῖν</span> <span class='ocrx_word' id='word_1_16' title='bbox 1438 315 1480 368; x_wconf 73' lang='lat' dir='ltr'>a·</span> 
     </span>
     <span class='ocr_line' id='line_1_3' title="bbox 230 395 1491 543; baseline 0.002 -37"><span class='ocrx_word' id='word_1_17' title='bbox 230 429 347 506; x_wconf 83' lang='grc' dir='ltr'>τοίνυν</span> <span class='ocrx_word' id='word_1_18' title='bbox 374 433 438 526; x_wconf 70' lang='grc' dir='ltr'>τῆς</span> <span class='ocrx_word' id='word_1_19' title='bbox 467 429 642 527; x_wconf 82' lang='grc' dir='ltr'>Βηθλεέμ,</span> <span class='ocrx_word' id='word_1_20' title='bbox 664 431 810 533; x_wconf 81' lang='grc' dir='ltr'>(χωρίον</span> <span class='ocrx_word' id='word_1_21' title='bbox 838 432 879 508; x_wconf 86' lang='grc' dir='ltr'>δέ</span> <span class='ocrx_word' id='word_1_22' title='bbox 904 433 981 510; x_wconf 85' lang='grc' dir='ltr'>ἐστι</span> <span class='ocrx_word' id='word_1_23' title='bbox 1006 435 1070 528; x_wconf 76' lang='grc' dir='ltr'>τῆς</span> <span class='ocrx_word' id='word_1_24' title='bbox 1087 433 1269 527; x_wconf 82' lang='grc' dir='ltr'>Ἰουδαίαν,</span> <span class='ocrx_word' id='word_1_25' title='bbox 1289 435 1330 510; x_wconf 86' lang='grc' dir='ltr'>οῦ</span> <span class='ocrx_word' id='word_1_26' title='bbox 1373 395 1491 543; x_wconf 46' lang='lat'>3553?</span> 
     </span>
    </p>
   </div>
   <div class='ocr_carea' id='block_1_3' title="bbox 202 551 1483 1293">
    <p class='ocr_par' dir='ltr' id='par_1_3' title="bbox 202 551 1483 1293">
     <span class='ocr_line' id='line_1_4' title="bbox 222 551 1483 662; baseline 0.002 -30"><span class='ocrx_word' id='word_1_27' title='bbox 222 551 352 657; x_wconf 88' lang='grc' dir='ltr'>Ιπόρρω</span> <span class='ocrx_word' id='word_1_28' title='bbox 376 559 439 653; x_wconf 74' lang='grc' dir='ltr'>τῆς</span> <span class='ocrx_word' id='word_1_29' title='bbox 457 554 696 658; x_wconf 78' lang='grc' dir='ltr'>Ἰερουσαλὴμ</span> <span class='ocrx_word' id='word_1_30' title='bbox 719 555 894 662; x_wconf 60' lang='lat' dir='ltr'>decuriae)</span> <span class='ocrx_word' id='word_1_31' title='bbox 916 557 1060 658; x_wconf 84' lang='grc' dir='ltr'>λε’γεταί</span> <span class='ocrx_word' id='word_1_32' title='bbox 1075 590 1127 639; x_wconf 77' lang='grc' dir='ltr'>τις</span> <span class='ocrx_word' id='word_1_33' title='bbox 1146 559 1189 662; x_wconf 81' lang='grc' dir='ltr'>ἐξ</span> <span class='ocrx_word' id='word_1_34' title='bbox 1205 564 1355 640; x_wconf 76' lang='grc' dir='ltr'>αἱῶνονο</span> <span class='ocrx_word' id='word_1_35' title='bbox 1373 577 1417 656; x_wconf 58' lang='grc' dir='ltr'>λθ</span> <span class='ocrx_word' id='word_1_36' title='bbox 1432 561 1483 608; x_wconf 65' lang='grc' dir='ltr'>*ὧν</span> 
     </span>
     <span class='ocr_line' id='line_1_5' title="bbox 230 657 1480 784; baseline 0.001 -24"><span class='ocrx_word' id='word_1_37' title='bbox 230 679 400 784; x_wconf 77' lang='grc' dir='ltr'>ὑπάρχων</span> <span class='ocrx_word' id='word_1_38' title='bbox 417 682 715 783; x_wconf 79' lang='grc' dir='ltr'>προελεύσεσθαν.</span> <span class='ocrx_word' id='word_1_39' title='bbox 752 682 950 784; x_wconf 76' lang='grc' dir='ltr'>Οῦδέτερον</span> <span class='ocrx_word' id='word_1_40' title='bbox 968 681 1005 762; x_wconf 85' lang='grc' dir='ltr'>δέ</span> <span class='ocrx_word' id='word_1_41' title='bbox 1024 683 1159 762; x_wconf 80' lang='grc' dir='ltr'>ἐνθένδε</span> <span class='ocrx_word' id='word_1_42' title='bbox 1178 680 1201 781; x_wconf 86' lang='grc' dir='ltr'>ἢ</span> <span class='ocrx_word' id='word_1_43' title='bbox 1220 681 1330 778; x_wconf 84' lang='grc' dir='ltr'>μόνον</span> <span class='ocrx_word' id='word_1_44' title='bbox 1372 657 1480 782; x_wconf 44' lang='lat' dir='ltr'>app</span> 
     </span>
     <span class='ocr_line' id='line_1_6' title="bbox 833 819 1468 960; baseline 0.001 -31.54"><span class='ocrx_word' id='word_1_45' title='bbox 833 938 848 954; x_wconf 65' lang='lat'><em>„</em></span> <span class='ocrx_word' id='word_1_46' title='bbox 1108 935 1118 958; x_wconf 73' lang='lat'>,</span> <span class='ocrx_word' id='word_1_47' title='bbox 1290 819 1468 960; x_wconf 25' lang='lat' dir='ltr'>*llll</span> 
     </span>
     <span class='ocr_line' id='line_1_7' title="bbox 226 939 1448 1038; baseline -0.002 -26"><span class='ocrx_word' id='word_1_48' title='bbox 226 965 294 1029; x_wconf 77' lang='grc' dir='ltr'>μετ</span> <span class='ocrx_word' id='word_1_49' title='bbox 321 967 453 1013; x_wconf 87' lang='grc' dir='ltr'>εκεινον</span> <span class='ocrx_word' id='word_1_50' title='bbox 470 968 534 1012; x_wconf 87' lang='grc' dir='ltr'>τον</span> <span class='ocrx_word' id='word_1_51' title='bbox 557 968 724 1035; x_wconf 87' lang='grc' dir='ltr'>ημετερον</span> <span class='ocrx_word' id='word_1_52' title='bbox 746 940 897 1036; x_wconf 83' lang='grc' dir='ltr'>Σωτηρα</span> <span class='ocrx_word' id='word_1_53' title='bbox 914 939 1059 1032; x_wconf 84' lang='grc' dir='ltr'>Ἰησοῦν</span> <span class='ocrx_word' id='word_1_54' title='bbox 1083 970 1146 1014; x_wconf 87' lang='grc' dir='ltr'>τον</span> <span class='ocrx_word' id='word_1_55' title='bbox 1166 941 1350 1038; x_wconf 75' lang='grc' dir='ltr'>Χριστονν</span> <span class='ocrx_word' id='word_1_56' title='bbox 1374 979 1448 1012; x_wconf 69' lang='grc' dir='ltr'>πεπι-</span> 
     </span>
     <span class='ocr_line' id='line_1_8' title="bbox 227 1041 1479 1175; baseline 0.002 -38"><span class='ocrx_word' id='word_1_57' title='bbox 227 1066 290 1138; x_wconf 87' lang='grc' dir='ltr'>τοῦ</span> <span class='ocrx_word' id='word_1_58' title='bbox 309 1063 416 1155; x_wconf 86' lang='grc' dir='ltr'>Θεοῦ,</span> <span class='ocrx_word' id='word_1_59' title='bbox 434 1060 552 1164; x_wconf 80' lang='grc' dir='ltr'>ἕτερον</span> <span class='ocrx_word' id='word_1_60' title='bbox 571 1059 609 1140; x_wconf 84' lang='grc' dir='ltr'>δέ</span> <span class='ocrx_word' id='word_1_61' title='bbox 631 1060 731 1162; x_wconf 81' lang='grc' dir='ltr'>παρὰ</span> <span class='ocrx_word' id='word_1_62' title='bbox 748 1058 894 1144; x_wconf 78' lang='grc' dir='ltr'>τοῦτουι·</span> <span class='ocrx_word' id='word_1_63' title='bbox 912 1062 1045 1142; x_wconf 88' lang='grc' dir='ltr'>οῦδένα.</span> <span class='ocrx_word' id='word_1_64' title='bbox 1094 1063 1200 1140; x_wconf 89' lang='grc' dir='ltr'>Ἀλλ’</span> <span class='ocrx_word' id='word_1_65' title='bbox 1222 1065 1241 1140; x_wconf 86' lang='grc' dir='ltr'>ὁ</span> <span class='ocrx_word' id='word_1_66' title='bbox 1265 1061 1328 1158; x_wconf 86' lang='grc' dir='ltr'>μέν</span> <span class='ocrx_word' id='word_1_67' title='bbox 1371 1041 1479 1175; x_wconf 53' lang='lat'><em>2:⁰⁸⁰</em></span> 
     </span>
     <span class='ocr_line' id='line_1_9' title="bbox 202 1185 1324 1293; baseline 0.005 -33"><span class='ocrx_word' id='word_1_68' title='bbox 202 1189 349 1279; x_wconf 80' lang='grc' dir='ltr'>ιΔαβὶδ</span> <span class='ocrx_word' id='word_1_69' title='bbox 373 1185 456 1270; x_wconf 75' lang='grc' dir='ltr'>τοῦς</span> <span class='ocrx_word' id='word_1_70' title='bbox 479 1185 628 1290; x_wconf 74' lang='grc' dir='ltr'>χρόνους</span> <span class='ocrx_word' id='word_1_71' title='bbox 645 1191 707 1284; x_wconf 79' lang='grc' dir='ltr'>τῆς</span> <span class='ocrx_word' id='word_1_72' title='bbox 730 1187 948 1293; x_wconf 77' lang='grc' dir='ltr'>προφητείας</span> <span class='ocrx_word' id='word_1_73' title='bbox 971 1187 1200 1289; x_wconf 79' lang='grc' dir='ltr'>προειληφὼς</span> <span class='ocrx_word' id='word_1_74' title='bbox 1229 1223 1324 1267; x_wconf 86' lang='grc' dir='ltr'>τετε·</span> 
     </span>
    </p>
   </div>
   <div class='ocr_carea' id='block_1_4' title="bbox 228 1308 1326 1415">
    <p class='ocr_par' dir='ltr' id='par_1_4' title="bbox 228 1308 1326 1415">
     <span class='ocr_line' id='line_1_10' title="bbox 228 1308 1326 1415; baseline 0.006 -26"><span class='ocrx_word' id='word_1_75' title='bbox 228 1308 387 1410; x_wconf 81' lang='grc' dir='ltr'>λευτήκει</span> <span class='ocrx_word' id='word_1_76' title='bbox 424 1313 611 1395; x_wconf 67' lang='grc' dir='ltr'>πλείστοις</span> <span class='ocrx_word' id='word_1_77' title='bbox 642 1312 815 1414; x_wconf 83' lang='grc' dir='ltr'>πρότερον</span> <span class='ocrx_word' id='word_1_78' title='bbox 853 1313 948 1393; x_wconf 77' lang='grc' dir='ltr'>ἔτεσι</span> <span class='ocrx_word' id='word_1_79' title='bbox 981 1318 1043 1411; x_wconf 76' lang='grc' dir='ltr'>τῆς</span> <span class='ocrx_word' id='word_1_80' title='bbox 1080 1313 1326 1415; x_wconf 73' lang='grc' dir='ltr'>προρρήσεων·</span> 
     </span>
    </p>
   </div>
   <div class='ocr_carea' id='block_1_5' title="bbox 227 803 1329 913">
    <p class='ocr_par' dir='ltr' id='par_1_5' title="bbox 227 803 1329 913">
     <span class='ocr_line' id='line_1_11' title="bbox 227 803 1329 913; baseline 0.003 -28"><span class='ocrx_word' id='word_1_81' title='bbox 227 803 292 885; x_wconf 81' lang='grc' dir='ltr'>τὸν</span> <span class='ocrx_word' id='word_1_82' title='bbox 319 810 443 900; x_wconf 77' lang='grc' dir='ltr'>Δαβὶδ</span> <span class='ocrx_word' id='word_1_83' title='bbox 474 810 620 910; x_wconf 83' lang='grc' dir='ltr'>εὕρομεν</span> <span class='ocrx_word' id='word_1_84' title='bbox 651 809 816 913; x_wconf 78' lang='grc' dir='ltr'>ἐπίδοξον</span> <span class='ocrx_word' id='word_1_85' title='bbox 849 808 1091 910; x_wconf 74' lang='grc' dir='ltr'>γεγενημένον,</span> <span class='ocrx_word' id='word_1_86' title='bbox 1120 811 1178 888; x_wconf 87' lang='grc' dir='ltr'>καὶ</span> <span class='ocrx_word' id='word_1_87' title='bbox 1210 809 1329 888; x_wconf 80' lang='grc' dir='ltr'>ἔπειτα</span> 
     </span>
    </p>
   </div>
   <div class='ocr_carea' id='block_1_6' title="bbox 205 1436 1368 2431">
    <p class='ocr_par' dir='ltr' id='par_1_6' title="bbox 205 1436 1368 2431">
     <span class='ocr_line' id='line_1_12' title="bbox 227 1436 1325 1545; baseline 0 -29"><span class='ocrx_word' id='word_1_88' title='bbox 227 1437 311 1516; x_wconf 82' lang='grc' dir='ltr'>ἀλλ’</span> <span class='ocrx_word' id='word_1_89' title='bbox 341 1436 421 1517; x_wconf 83' lang='grc' dir='ltr'>οῦδὲ</span> <span class='ocrx_word' id='word_1_90' title='bbox 451 1441 513 1545; x_wconf 84' lang='grc' dir='ltr'>ἀφ’</span> <span class='ocrx_word' id='word_1_91' title='bbox 541 1441 681 1541; x_wconf 82' lang='grc' dir='ltr'>ἡμερῶν</span> <span class='ocrx_word' id='word_1_92' title='bbox 711 1446 836 1524; x_wconf 66' lang='lat' dir='ltr'>atavae</span> <span class='ocrx_word' id='word_1_93' title='bbox 867 1440 1059 1524; x_wconf 69' lang='lat' dir='ltr'>obruenda</span> <span class='ocrx_word' id='word_1_94' title='bbox 1088 1440 1232 1545; x_wconf 74' lang='grc' dir='ltr'>ἐξόδους</span> <span class='ocrx_word' id='word_1_95' title='bbox 1259 1473 1325 1520; x_wconf 86' lang='grc' dir='ltr'>πε·</span> 
     </span>
     <span class='ocr_line' id='line_1_13' title="bbox 226 1565 1368 1665; baseline 0.003 -23"><span class='ocrx_word' id='word_1_96' title='bbox 226 1566 364 1662; x_wconf 89' lang='grc' dir='ltr'>ποίητο.</span> <span class='ocrx_word' id='word_1_97' title='bbox 397 1566 540 1644; x_wconf 82' lang='grc' dir='ltr'>Οὐκοῦν</span> <span class='ocrx_word' id='word_1_98' title='bbox 553 1568 711 1646; x_wconf 83' lang='grc' dir='ltr'>λείπεται</span> <span class='ocrx_word' id='word_1_99' title='bbox 726 1570 781 1648; x_wconf 80' lang='grc' dir='ltr'>ἐπὶ</span> <span class='ocrx_word' id='word_1_100' title='bbox 800 1566 863 1646; x_wconf 84' lang='grc' dir='ltr'>τὸν</span> <span class='ocrx_word' id='word_1_101' title='bbox 875 1567 965 1665; x_wconf 81' lang='grc' dir='ltr'>μετὰ</span> <span class='ocrx_word' id='word_1_102' title='bbox 978 1575 1090 1646; x_wconf 81' lang='grc' dir='ltr'>ταῦτα</span> <span class='ocrx_word' id='word_1_103' title='bbox 1109 1571 1147 1646; x_wconf 89' lang='grc' dir='ltr'>ἐκ</span> <span class='ocrx_word' id='word_1_104' title='bbox 1161 1565 1328 1665; x_wconf 87' lang='grc' dir='ltr'>Βηθλεέμ</span> <span class='ocrx_word' id='word_1_105' title='bbox 1339 1601 1368 1637; x_wconf 82' lang='grc' dir='ltr'>ιο</span> 
     </span>
     <span class='ocr_line' id='line_1_14' title="bbox 227 1691 1327 1795; baseline 0.006 -26"><span class='ocrx_word' id='word_1_106' title='bbox 227 1691 426 1791; x_wconf 86' lang='grc' dir='ltr'>γενόμενον,</span> <span class='ocrx_word' id='word_1_107' title='bbox 455 1691 518 1771; x_wconf 79' lang='grc' dir='ltr'>τὸν</span> <span class='ocrx_word' id='word_1_108' title='bbox 550 1695 700 1790; x_wconf 74' lang='grc' dir='ltr'>ἀληθῶν</span> <span class='ocrx_word' id='word_1_109' title='bbox 721 1693 965 1793; x_wconf 73' lang='grc' dir='ltr'>Ἐμμανουήλ,</span> <span class='ocrx_word' id='word_1_110' title='bbox 999 1692 1063 1773; x_wconf 81' lang='grc' dir='ltr'>τόν</span> <span class='ocrx_word' id='word_1_111' title='bbox 1098 1691 1170 1795; x_wconf 79' lang='grc' dir='ltr'>πρὸ</span> <span class='ocrx_word' id='word_1_112' title='bbox 1205 1691 1327 1792; x_wconf 75' lang='grc' dir='ltr'>πόσην</span> 
     </span>
     <span class='ocr_line' id='line_1_15' title="bbox 227 1816 1356 1924; baseline 0.003 -30"><span class='ocrx_word' id='word_1_113' title='bbox 227 1818 374 1898; x_wconf 73' lang='grc' dir='ltr'>κτίσεως</span> <span class='ocrx_word' id='word_1_114' title='bbox 392 1816 551 1918; x_wconf 90' lang='grc' dir='ltr'>προόντα</span> <span class='ocrx_word' id='word_1_115' title='bbox 570 1819 665 1898; x_wconf 83' lang='grc' dir='ltr'>Θεὸν</span> <span class='ocrx_word' id='word_1_116' title='bbox 685 1818 806 1921; x_wconf 85' lang='grc' dir='ltr'>Λόγον</span> <span class='ocrx_word' id='word_1_117' title='bbox 825 1824 884 1900; x_wconf 83' lang='grc' dir='ltr'>καὶ</span> <span class='ocrx_word' id='word_1_118' title='bbox 911 1818 985 1924; x_wconf 81' lang='grc' dir='ltr'>μεθ’</span> <span class='ocrx_word' id='word_1_119' title='bbox 1007 1818 1093 1921; x_wconf 64' lang='grc' dir='ltr'>ἡμῶν</span> <span class='ocrx_word' id='word_1_120' title='bbox 1113 1818 1192 1898; x_wconf 82' lang='grc' dir='ltr'>Θεῦν</span> <span class='ocrx_word' id='word_1_121' title='bbox 1218 1817 1356 1919; x_wconf 75' lang='grc' dir='ltr'>λεγό-(Ι</span> 
     </span>
     <span class='ocr_line' id='line_1_16' title="bbox 228 1946 1327 2049; baseline 0.002 -29"><span class='ocrx_word' id='word_1_122' title='bbox 228 1975 341 2039; x_wconf 86' lang='grc' dir='ltr'>μενον,</span> <span class='ocrx_word' id='word_1_123' title='bbox 370 1952 677 2046; x_wconf 83' lang='grc' dir='ltr'>συμπληροῦσθαι</span> <span class='ocrx_word' id='word_1_124' title='bbox 704 1946 751 2025; x_wconf 80' lang='grc' dir='ltr'>τὰ</span> <span class='ocrx_word' id='word_1_125' title='bbox 778 1946 1016 2049; x_wconf 87' lang='grc' dir='ltr'>γεγραμμένα,</span> <span class='ocrx_word' id='word_1_126' title='bbox 1045 1948 1117 2024; x_wconf 77' lang='grc' dir='ltr'>ἐπεὶ</span> <span class='ocrx_word' id='word_1_127' title='bbox 1151 1947 1208 2024; x_wconf 77' lang='grc' dir='ltr'>καὶ</span> <span class='ocrx_word' id='word_1_128' title='bbox 1239 1946 1261 2043; x_wconf 87' lang='grc' dir='ltr'><strong><em>ἡ</em></strong></span> <span class='ocrx_word' id='word_1_129' title='bbox 1289 1947 1327 2024; x_wconf 87' lang='grc' dir='ltr'>ἐν</span> 
     </span>
     <span class='ocr_line' id='line_1_17' title="bbox 229 2068 1326 2176; baseline 0.005 -30"><span class='ocrx_word' id='word_1_130' title='bbox 229 2068 391 2166; x_wconf 83' lang='grc' dir='ltr'>Βηθλεέμ</span> <span class='ocrx_word' id='word_1_131' title='bbox 407 2068 545 2169; x_wconf 76' lang='grc' dir='ltr'>γένεσις</span> <span class='ocrx_word' id='word_1_132' title='bbox 559 2073 666 2151; x_wconf 81' lang='grc' dir='ltr'>αὐτοῦ</span> <span class='ocrx_word' id='word_1_133' title='bbox 684 2073 846 2176; x_wconf 78' lang='grc' dir='ltr'>ἄντικρυς</span> <span class='ocrx_word' id='word_1_134' title='bbox 861 2079 957 2152; x_wconf 84' lang='grc' dir='ltr'>Θεοῦ</span> <span class='ocrx_word' id='word_1_135' title='bbox 974 2071 1177 2172; x_wconf 90' lang='grc' dir='ltr'>παρουσίαν</span> <span class='ocrx_word' id='word_1_136' title='bbox 1197 2071 1326 2170; x_wconf 82' lang='grc' dir='ltr'>ἐδήλου</span> 
     </span>
     <span class='ocr_line' id='line_1_18' title="bbox 205 2193 1347 2305; baseline 0.006 -32"><span class='ocrx_word' id='word_1_137' title='bbox 205 2193 283 2274; x_wconf 69' lang='lat' dir='ltr'>stad</span> <span class='ocrx_word' id='word_1_138' title='bbox 301 2202 374 2274; x_wconf 83' lang='grc' dir='ltr'>τῶν</span> <span class='ocrx_word' id='word_1_139' title='bbox 393 2197 467 2276; x_wconf 86' lang='grc' dir='ltr'>κατ’</span> <span class='ocrx_word' id='word_1_140' title='bbox 486 2195 596 2296; x_wconf 79' lang='grc' dir='ltr'>αῦιὴν</span> <span class='ocrx_word' id='word_1_141' title='bbox 613 2198 840 2305; x_wconf 81' lang='grc' dir='ltr'>παραδόξων.</span> <span class='ocrx_word' id='word_1_142' title='bbox 882 2197 1019 2302; x_wconf 81' lang='grc' dir='ltr'>Γράφει</span> <span class='ocrx_word' id='word_1_143' title='bbox 1039 2207 1126 2299; x_wconf 92' lang='grc' dir='ltr'>γοῦν</span> <span class='ocrx_word' id='word_1_144' title='bbox 1145 2201 1164 2276; x_wconf 86' lang='grc' dir='ltr'><strong>ὁ</strong></span> <span class='ocrx_word' id='word_1_145' title='bbox 1186 2204 1347 2280; x_wconf 79' lang='grc' dir='ltr'>Λουκῦς5</span> 
     </span>
     <span class='ocr_line' id='line_1_19' title="bbox 226 2320 1325 2431; baseline 0.002 -31"><span class='ocrx_word' id='word_1_146' title='bbox 226 2331 352 2401; x_wconf 89' lang='grc' dir='ltr'>τοῦτον</span> <span class='ocrx_word' id='word_1_147' title='bbox 376 2327 531 2426; x_wconf 80' lang='grc' dir='ltr'>ἱστορῶν</span> <span class='ocrx_word' id='word_1_148' title='bbox 551 2321 615 2404; x_wconf 81' lang='grc' dir='ltr'>τὸν</span> <span class='ocrx_word' id='word_1_149' title='bbox 640 2322 787 2427; x_wconf 90' lang='grc' dir='ltr'>τρόπον·</span> <span class='ocrx_word' id='word_1_150' title='bbox 817 2324 963 2426; x_wconf 76' lang='grc' dir='ltr'>Ἐγίνετο</span> <span class='ocrx_word' id='word_1_151' title='bbox 984 2320 1020 2404; x_wconf 78' lang='grc' dir='ltr'>δὲ</span> <span class='ocrx_word' id='word_1_152' title='bbox 1044 2327 1072 2404; x_wconf 84' lang='grc' dir='ltr'>ἑν</span> <span class='ocrx_word' id='word_1_153' title='bbox 1096 2330 1172 2410; x_wconf 79' lang='grc' dir='ltr'>ταῖς</span> <span class='ocrx_word' id='word_1_154' title='bbox 1192 2323 1325 2431; x_wconf 68' lang='grc' dir='ltr'>ἡμέραις</span> 
     </span>
    </p>
   </div>
   <div class='ocr_carea' id='block_1_7' title="bbox 224 2445 1326 2558">
    <p class='ocr_par' dir='ltr' id='par_1_7' title="bbox 224 2445 1326 2558">
     <span class='ocr_line' id='line_1_20' title="bbox 224 2445 1326 2558; baseline 0 -30"><span class='ocrx_word' id='word_1_155' title='bbox 224 2449 375 2538; x_wconf 80' lang='grc' dir='ltr'>ἐκείναις,</span> <span class='ocrx_word' id='word_1_156' title='bbox 410 2446 521 2556; x_wconf 65' lang='grc' dir='ltr'>ἑξῖιλθε</span> <span class='ocrx_word' id='word_1_157' title='bbox 555 2445 671 2554; x_wconf 80' lang='grc' dir='ltr'>δόγμα</span> <span class='ocrx_word' id='word_1_158' title='bbox 704 2451 803 2557; x_wconf 72' lang='grc' dir='ltr'>παρα</span> <span class='ocrx_word' id='word_1_159' title='bbox 837 2461 1006 2558; x_wconf 79' lang='grc' dir='ltr'>Καίσαρος</span> <span class='ocrx_word' id='word_1_160' title='bbox 1042 2451 1241 2551; x_wconf 82' lang='grc' dir='ltr'>Αῦγιόστου,</span> <span class='ocrx_word' id='word_1_161' title='bbox 1273 2453 1326 2530; x_wconf 83' lang='grc' dir='ltr'>τοῦ</span> 
     </span>
    </p>
   </div>
   <div class='ocr_carea' id='block_1_8' title="bbox 224 2571 1321 2814">
    <p class='ocr_par' dir='ltr' id='par_1_8' title="bbox 224 2571 1321 2814">
     <span class='ocr_line' id='line_1_21' title="bbox 224 2571 1321 2679; baseline 0 -25"><span class='ocrx_word' id='word_1_162' title='bbox 224 2571 509 2679; x_wconf 58' lang='grc' dir='ltr'>ἀπογράψασθαι</span> <span class='ocrx_word' id='word_1_163' title='bbox 542 2580 662 2656; x_wconf 57' lang='lat' dir='ltr'>aaran</span> <span class='ocrx_word' id='word_1_164' title='bbox 695 2576 746 2667; x_wconf 69' lang='grc' dir='ltr'>την</span> <span class='ocrx_word' id='word_1_165' title='bbox 778 2579 967 2679; x_wconf 76' lang='grc' dir='ltr'>οἰκουμένην.</span> <span class='ocrx_word' id='word_1_166' title='bbox 1028 2577 1116 2667; x_wconf 73' lang='lat' dir='ltr'>Adra</span> <span class='ocrx_word' id='word_1_167' title='bbox 1147 2581 1198 2667; x_wconf 69' lang='lat' dir='ltr'>mai</span> <span class='ocrx_word' id='word_1_168' title='bbox 1230 2583 1321 2654; x_wconf 75' lang='lat' dir='ltr'>cirro-</span> 
     </span>
     <span class='ocr_line' id='line_1_22' title="bbox 686 2747 860 2814; baseline -0.006 -13"><span class='ocrx_word' id='word_1_169' title='bbox 686 2755 710 2788; x_wconf 80' lang='lat' dir='ltr'><strong>m</strong></span> <span class='ocrx_word' id='word_1_170' title='bbox 724 2747 739 2814; x_wconf 78' lang='lat' dir='ltr'>a</span> <span class='ocrx_word' id='word_1_171' title='bbox 754 2747 813 2801; x_wconf 69' lang='lat' dir='ltr'>aaa</span> <span class='ocrx_word' id='word_1_172' title='bbox 831 2747 860 2800; x_wconf 79' lang='grc' dir='ltr'>ν.</span> 
     </span>
    </p>
   </div>
   <div class='ocr_carea' id='block_1_9' title="bbox 221 2887 1480 4169">
    <p class='ocr_par' dir='ltr' id='par_1_9' title="bbox 221 2887 1480 4169">
     <span class='ocr_line' id='line_1_23' title="bbox 223 2887 1469 2965; baseline -0.001 -20"><span class='ocrx_word' id='word_1_173' title='bbox 223 2887 395 2946; x_wconf 82' lang='lat' dir='ltr'>medendum</span> <span class='ocrx_word' id='word_1_174' title='bbox 412 2889 465 2946; x_wconf 91' lang='lat' dir='ltr'>nisi</span> <span class='ocrx_word' id='word_1_175' title='bbox 480 2888 533 2946; x_wconf 91' lang='lat' dir='ltr'>soli</span> <span class='ocrx_word' id='word_1_176' title='bbox 546 2890 630 2946; x_wconf 83' lang='lat' dir='ltr'>Deo?</span> <span class='ocrx_word' id='word_1_177' title='bbox 652 2890 740 2965; x_wconf 86' lang='lat' dir='ltr'>igitur</span> <span class='ocrx_word' id='word_1_178' title='bbox 753 2892 788 2947; x_wconf 92' lang='lat' dir='ltr'>de</span> <span class='ocrx_word' id='word_1_179' title='bbox 804 2891 950 2947; x_wconf 80' lang='lat' dir='ltr'>Bethleem</span> <span class='ocrx_word' id='word_1_180' title='bbox 967 2889 1025 2962; x_wconf 82' lang='lat' dir='ltr'>(est</span> <span class='ocrx_word' id='word_1_181' title='bbox 1039 2898 1133 2946; x_wconf 86' lang='lat' dir='ltr'>nutem</span> <span class='ocrx_word' id='word_1_182' title='bbox 1156 2889 1201 2945; x_wconf 91' lang='lat' dir='ltr'>hic</span> <span class='ocrx_word' id='word_1_183' title='bbox 1215 2888 1322 2946; x_wconf 79' lang='lat' dir='ltr'>Judaeae</span> <span class='ocrx_word' id='word_1_184' title='bbox 1365 2901 1469 2939; x_wconf 70' lang='lat' dir='ltr'><strong>divinatur</strong></span> 
     </span>
     <span class='ocr_line' id='line_1_24' title="bbox 222 2953 1479 3047; baseline 0.002 -23"><span class='ocrx_word' id='word_1_185' title='bbox 222 2969 309 3034; x_wconf 85' lang='lat' dir='ltr'>loeus,</span> <span class='ocrx_word' id='word_1_186' title='bbox 325 2988 382 3025; x_wconf 88' lang='lat' dir='ltr'>non</span> <span class='ocrx_word' id='word_1_187' title='bbox 398 2970 542 3044; x_wconf 88' lang='lat' dir='ltr'>proculab</span> <span class='ocrx_word' id='word_1_188' title='bbox 556 2971 618 3044; x_wconf 83' lang='lat' dir='ltr'>ipsa</span> <span class='ocrx_word' id='word_1_189' title='bbox 631 2970 809 3028; x_wconf 83' lang='lat' dir='ltr'>Hierusalem</span> <span class='ocrx_word' id='word_1_190' title='bbox 825 2972 910 3047; x_wconf 82' lang='lat' dir='ltr'>situs)</span> <span class='ocrx_word' id='word_1_191' title='bbox 922 2971 1024 3028; x_wconf 87' lang='lat' dir='ltr'>dicitur</span> <span class='ocrx_word' id='word_1_192' title='bbox 1037 2971 1150 3045; x_wconf 91' lang='lat' dir='ltr'>qnidam</span> <span class='ocrx_word' id='word_1_193' title='bbox 1165 2971 1201 3026; x_wconf 88' lang='lat' dir='ltr'>ab</span> <span class='ocrx_word' id='word_1_194' title='bbox 1215 2979 1322 3027; x_wconf 74' lang='lat' dir='ltr'>aterno</span> <span class='ocrx_word' id='word_1_195' title='bbox 1363 2953 1479 3039; x_wconf 45' lang='grc' dir='ltr'>3ῗῦἕὶῗέ</span> 
     </span>
     <span class='ocr_line' id='line_1_25' title="bbox 221 3050 1473 3139; baseline 0.006 -34"><span class='ocrx_word' id='word_1_196' title='bbox 221 3050 347 3106; x_wconf 78' lang='lat' dir='ltr'>existens</span> <span class='ocrx_word' id='word_1_197' title='bbox 372 3069 583 3125; x_wconf 80' lang='lat' dir='ltr'>progressurus.</span> <span class='ocrx_word' id='word_1_198' title='bbox 626 3051 745 3108; x_wconf 90' lang='lat' dir='ltr'>Nullum</span> <span class='ocrx_word' id='word_1_199' title='bbox 766 3070 835 3108; x_wconf 86' lang='lat' dir='ltr'>vero</span> <span class='ocrx_word' id='word_1_200' title='bbox 858 3052 912 3108; x_wconf 88' lang='lat' dir='ltr'>nisi</span> <span class='ocrx_word' id='word_1_201' title='bbox 938 3072 1023 3108; x_wconf 91' lang='lat' dir='ltr'>unum</span> <span class='ocrx_word' id='word_1_202' title='bbox 1047 3051 1141 3109; x_wconf 88' lang='lat' dir='ltr'>David</span> <span class='ocrx_word' id='word_1_203' title='bbox 1164 3052 1322 3108; x_wconf 80' lang='lat' dir='ltr'>invenimus</span> <span class='ocrx_word' id='word_1_204' title='bbox 1364 3055 1473 3139; x_wconf 60' lang='lat' dir='ltr'><strong>3¹¹thae</strong></span> 
     </span>
     <span class='ocr_line' id='line_1_26' title="bbox 222 3112 1480 3206; baseline 0.004 -20"><span class='ocrx_word' id='word_1_205' title='bbox 222 3130 315 3204; x_wconf 86' lang='lat' dir='ltr'>gloria</span> <span class='ocrx_word' id='word_1_206' title='bbox 336 3130 485 3204; x_wconf 70' lang='lat' dir='ltr'>praeditum</span> <span class='ocrx_word' id='word_1_207' title='bbox 510 3150 543 3187; x_wconf 86' lang='lat' dir='ltr'>ac</span> <span class='ocrx_word' id='word_1_208' title='bbox 563 3130 711 3196; x_wconf 86' lang='lat' dir='ltr'>celebrem,</span> <span class='ocrx_word' id='word_1_209' title='bbox 734 3133 781 3206; x_wconf 90' lang='lat' dir='ltr'>qui</span> <span class='ocrx_word' id='word_1_210' title='bbox 806 3132 871 3189; x_wconf 90' lang='lat' dir='ltr'>inde</span> <span class='ocrx_word' id='word_1_211' title='bbox 890 3133 926 3188; x_wconf 88' lang='lat' dir='ltr'>ait</span> <span class='ocrx_word' id='word_1_212' title='bbox 949 3143 1075 3196; x_wconf 82' lang='lat' dir='ltr'>exortus,</span> <span class='ocrx_word' id='word_1_213' title='bbox 1094 3143 1123 3189; x_wconf 82' lang='lat' dir='ltr'>et</span> <span class='ocrx_word' id='word_1_214' title='bbox 1144 3142 1210 3206; x_wconf 83' lang='lat' dir='ltr'>poet</span> <span class='ocrx_word' id='word_1_215' title='bbox 1229 3133 1321 3206; x_wconf 85' lang='lat' dir='ltr'>ipsum</span> <span class='ocrx_word' id='word_1_216' title='bbox 1363 3112 1480 3190; x_wconf 59' lang='grc' dir='ltr'>οόλέῦελῦ</span> 
     </span>
     <span class='ocr_line' id='line_1_27' title="bbox 223 3201 1438 3287; baseline 0.002 -22"><span class='ocrx_word' id='word_1_217' title='bbox 223 3209 318 3267; x_wconf 85' lang='lat' dir='ltr'>David</span> <span class='ocrx_word' id='word_1_218' title='bbox 343 3211 463 3268; x_wconf 88' lang='lat' dir='ltr'>alterum</span> <span class='ocrx_word' id='word_1_219' title='bbox 487 3211 644 3278; x_wconf 79' lang='lat' dir='ltr'>dumtaxat,</span> <span class='ocrx_word' id='word_1_220' title='bbox 669 3223 798 3270; x_wconf 74' lang='lat' dir='ltr'>nostrum</span> <span class='ocrx_word' id='word_1_221' title='bbox 821 3213 916 3287; x_wconf 90' lang='lat' dir='ltr'>utique</span> <span class='ocrx_word' id='word_1_222' title='bbox 941 3213 1117 3270; x_wconf 83' lang='lat' dir='ltr'>Salvatorem</span> <span class='ocrx_word' id='word_1_223' title='bbox 1140 3213 1248 3276; x_wconf 81' lang='lat' dir='ltr'>desum,</span> <span class='ocrx_word' id='word_1_224' title='bbox 1274 3212 1321 3286; x_wconf 94' lang='lat' dir='ltr'>qui</span> <span class='ocrx_word' id='word_1_225' title='bbox 1364 3201 1438 3240; x_wconf 48' lang='grc' dir='ltr'>Μή·</span> 
     </span>
     <span class='ocr_line' id='line_1_28' title="bbox 223 3289 1322 3366; baseline 0.001 -20"><span class='ocrx_word' id='word_1_226' title='bbox 223 3289 355 3347; x_wconf 81' lang='lat' dir='ltr'>Christus</span> <span class='ocrx_word' id='word_1_227' title='bbox 369 3301 413 3348; x_wconf 82' lang='lat' dir='ltr'>cet</span> <span class='ocrx_word' id='word_1_228' title='bbox 428 3291 499 3348; x_wconf 84' lang='lat' dir='ltr'>Dei:</span> <span class='ocrx_word' id='word_1_229' title='bbox 522 3303 626 3366; x_wconf 81' lang='lat' dir='ltr'>praeter</span> <span class='ocrx_word' id='word_1_230' title='bbox 639 3293 692 3349; x_wconf 88' lang='lat' dir='ltr'>hos</span> <span class='ocrx_word' id='word_1_231' title='bbox 707 3303 801 3350; x_wconf 88' lang='lat' dir='ltr'>autem</span> <span class='ocrx_word' id='word_1_232' title='bbox 817 3293 924 3350; x_wconf 90' lang='lat' dir='ltr'>nullum</span> <span class='ocrx_word' id='word_1_233' title='bbox 940 3293 1025 3348; x_wconf 85' lang='lat' dir='ltr'>alium</span> <span class='ocrx_word' id='word_1_234' title='bbox 1040 3311 1163 3366; x_wconf 89' lang='lat' dir='ltr'>prorsus.</span> <span class='ocrx_word' id='word_1_235' title='bbox 1201 3293 1240 3346; x_wconf 82' lang='lat' dir='ltr'>At</span> <span class='ocrx_word' id='word_1_236' title='bbox 1255 3310 1322 3347; x_wconf 90' lang='lat' dir='ltr'>vero</span> 
     </span>
     <span class='ocr_line' id='line_1_29' title="bbox 223 3371 1322 3449; baseline 0.002 -25"><span class='ocrx_word' id='word_1_237' title='bbox 223 3371 282 3443; x_wconf 87' lang='lat' dir='ltr'>ipse</span> <span class='ocrx_word' id='word_1_238' title='bbox 296 3371 408 3445; x_wconf 90' lang='lat' dir='ltr'>quidem</span> <span class='ocrx_word' id='word_1_239' title='bbox 426 3373 519 3428; x_wconf 87' lang='lat' dir='ltr'>David</span> <span class='ocrx_word' id='word_1_240' title='bbox 533 3374 650 3448; x_wconf 85' lang='lat' dir='ltr'>hujusce</span> <span class='ocrx_word' id='word_1_241' title='bbox 664 3375 820 3449; x_wconf 79' lang='lat' dir='ltr'>prophetiae</span> <span class='ocrx_word' id='word_1_242' title='bbox 835 3385 963 3446; x_wconf 85' lang='lat' dir='ltr'>tempora</span> <span class='ocrx_word' id='word_1_243' title='bbox 977 3372 1137 3435; x_wconf 76' lang='lat' dir='ltr'>antecessit,</span> <span class='ocrx_word' id='word_1_244' title='bbox 1152 3381 1181 3427; x_wconf 91' lang='lat' dir='ltr'>et</span> <span class='ocrx_word' id='word_1_245' title='bbox 1196 3371 1322 3443; x_wconf 83' lang='lat' dir='ltr'>plurimis</span> 
     </span>
     <span class='ocr_line' id='line_1_30' title="bbox 224 3449 1322 3527; baseline -0.003 -20"><span class='ocrx_word' id='word_1_246' title='bbox 224 3459 288 3508; x_wconf 83' lang='lat' dir='ltr'>ante</span> <span class='ocrx_word' id='word_1_247' title='bbox 302 3451 357 3508; x_wconf 91' lang='lat' dir='ltr'>hoc</span> <span class='ocrx_word' id='word_1_248' title='bbox 371 3453 515 3509; x_wconf 89' lang='lat' dir='ltr'>oraculum</span> <span class='ocrx_word' id='word_1_249' title='bbox 530 3455 613 3510; x_wconf 87' lang='lat' dir='ltr'>annis</span> <span class='ocrx_word' id='word_1_250' title='bbox 634 3464 763 3510; x_wconf 68' lang='lat' dir='ltr'>munaus</span> <span class='ocrx_word' id='word_1_251' title='bbox 778 3462 840 3511; x_wconf 89' lang='lat' dir='ltr'>est:</span> <span class='ocrx_word' id='word_1_252' title='bbox 863 3461 999 3527; x_wconf 76' lang='lat' dir='ltr'>praeterea</span> <span class='ocrx_word' id='word_1_253' title='bbox 1013 3470 1048 3507; x_wconf 90' lang='lat' dir='ltr'>ne</span> <span class='ocrx_word' id='word_1_254' title='bbox 1064 3471 1081 3506; x_wconf 86' lang='lat' dir='ltr'>a</span> <span class='ocrx_word' id='word_1_255' title='bbox 1095 3451 1193 3507; x_wconf 89' lang='lat' dir='ltr'>diebus</span> <span class='ocrx_word' id='word_1_256' title='bbox 1208 3449 1322 3523; x_wconf 88' lang='lat' dir='ltr'>quidem</span> 
     </span>
     <span class='ocr_line' id='line_1_31' title="bbox 223 3529 1322 3608; baseline -0.002 -22"><span class='ocrx_word' id='word_1_257' title='bbox 223 3532 315 3588; x_wconf 75' lang='lat' dir='ltr'>saculi</span> <span class='ocrx_word' id='word_1_258' title='bbox 332 3533 425 3589; x_wconf 84' lang='lat' dir='ltr'>exitus</span> <span class='ocrx_word' id='word_1_259' title='bbox 440 3553 506 3590; x_wconf 86' lang='lat' dir='ltr'>suos</span> <span class='ocrx_word' id='word_1_260' title='bbox 520 3533 587 3590; x_wconf 85' lang='lat' dir='ltr'>fecit</span> <span class='ocrx_word' id='word_1_261' title='bbox 598 3534 699 3592; x_wconf 86' lang='lat' dir='ltr'>David.</span> <span class='ocrx_word' id='word_1_262' title='bbox 742 3534 878 3608; x_wconf 80' lang='lat' dir='ltr'>Superest</span> <span class='ocrx_word' id='word_1_263' title='bbox 892 3531 979 3608; x_wconf 87' lang='lat' dir='ltr'>igitur</span> <span class='ocrx_word' id='word_1_264' title='bbox 993 3541 1024 3588; x_wconf 91' lang='lat' dir='ltr'>ut</span> <span class='ocrx_word' id='word_1_265' title='bbox 1038 3531 1067 3586; x_wconf 92' lang='lat' dir='ltr'>in</span> <span class='ocrx_word' id='word_1_266' title='bbox 1081 3549 1115 3586; x_wconf 93' lang='lat' dir='ltr'>eo</span> <span class='ocrx_word' id='word_1_267' title='bbox 1136 3531 1184 3603; x_wconf 92' lang='lat' dir='ltr'>qui</span> <span class='ocrx_word' id='word_1_268' title='bbox 1203 3529 1322 3602; x_wconf 85' lang='lat' dir='ltr'>posthac</span> 
     </span>
     <span class='ocr_line' id='line_1_32' title="bbox 224 3605 1321 3688; baseline -0.001 -22"><span class='ocrx_word' id='word_1_269' title='bbox 224 3611 258 3668; x_wconf 90' lang='lat' dir='ltr'>de</span> <span class='ocrx_word' id='word_1_270' title='bbox 280 3613 430 3670; x_wconf 87' lang='lat' dir='ltr'>Bethleem</span> <span class='ocrx_word' id='word_1_271' title='bbox 455 3614 651 3688; x_wconf 87' lang='lat' dir='ltr'>proficiscitur,</span> <span class='ocrx_word' id='word_1_272' title='bbox 675 3633 705 3671; x_wconf 88' lang='lat' dir='ltr'>re</span> <span class='ocrx_word' id='word_1_273' title='bbox 729 3634 796 3672; x_wconf 84' lang='lat' dir='ltr'>vera</span> <span class='ocrx_word' id='word_1_274' title='bbox 819 3605 994 3676; x_wconf 80' lang='lat' dir='ltr'>Emmanuel,</span> <span class='ocrx_word' id='word_1_275' title='bbox 1017 3612 1118 3686; x_wconf 88' lang='lat' dir='ltr'>quique</span> <span class='ocrx_word' id='word_1_276' title='bbox 1140 3611 1234 3666; x_wconf 88' lang='lat' dir='ltr'>omnia</span> <span class='ocrx_word' id='word_1_277' title='bbox 1259 3629 1321 3682; x_wconf 80' lang='lat' dir='ltr'>quae</span> 
     </span>
     <span class='ocr_line' id='line_1_33' title="bbox 224 3691 1322 3764; baseline 0 -18"><span class='ocrx_word' id='word_1_278' title='bbox 224 3703 317 3750; x_wconf 83' lang='lat' dir='ltr'>creata</span> <span class='ocrx_word' id='word_1_279' title='bbox 341 3703 409 3750; x_wconf 88' lang='lat' dir='ltr'>sunt</span> <span class='ocrx_word' id='word_1_280' title='bbox 434 3696 576 3752; x_wconf 76' lang='lat' dir='ltr'>antecedit</span> <span class='ocrx_word' id='word_1_281' title='bbox 600 3705 630 3752; x_wconf 91' lang='lat' dir='ltr'>et</span> <span class='ocrx_word' id='word_1_282' title='bbox 655 3695 734 3752; x_wconf 88' lang='lat' dir='ltr'>Deus</span> <span class='ocrx_word' id='word_1_283' title='bbox 757 3695 884 3753; x_wconf 88' lang='lat' dir='ltr'>Verbum</span> <span class='ocrx_word' id='word_1_284' title='bbox 906 3704 935 3752; x_wconf 88' lang='lat' dir='ltr'>et</span> <span class='ocrx_word' id='word_1_285' title='bbox 956 3693 1101 3750; x_wconf 86' lang='lat' dir='ltr'>nobiscum</span> <span class='ocrx_word' id='word_1_286' title='bbox 1125 3691 1202 3748; x_wconf 90' lang='lat' dir='ltr'>Deus</span> <span class='ocrx_word' id='word_1_287' title='bbox 1227 3691 1322 3764; x_wconf 86' lang='lat' dir='ltr'>appel·</span> 
     </span>
     <span class='ocr_line' id='line_1_34' title="bbox 224 3770 1321 3850; baseline 0.002 -24"><span class='ocrx_word' id='word_1_288' title='bbox 224 3771 305 3840; x_wconf 85' lang='lat' dir='ltr'>latur,</span> <span class='ocrx_word' id='word_1_289' title='bbox 320 3793 382 3848; x_wconf 82' lang='lat' dir='ltr'>quae</span> <span class='ocrx_word' id='word_1_290' title='bbox 397 3775 443 3831; x_wconf 90' lang='lat' dir='ltr'>hic</span> <span class='ocrx_word' id='word_1_291' title='bbox 457 3776 562 3850; x_wconf 88' lang='lat' dir='ltr'>scripta</span> <span class='ocrx_word' id='word_1_292' title='bbox 576 3785 642 3832; x_wconf 84' lang='lat' dir='ltr'>sunt</span> <span class='ocrx_word' id='word_1_293' title='bbox 656 3777 867 3850; x_wconf 87' lang='lat' dir='ltr'>compleantur:</span> <span class='ocrx_word' id='word_1_294' title='bbox 891 3775 1022 3850; x_wconf 86' lang='lat' dir='ltr'>quoniam</span> <span class='ocrx_word' id='word_1_295' title='bbox 1042 3773 1101 3846; x_wconf 87' lang='lat' dir='ltr'>ipse</span> <span class='ocrx_word' id='word_1_296' title='bbox 1121 3791 1233 3846; x_wconf 89' lang='lat' dir='ltr'>quoque</span> <span class='ocrx_word' id='word_1_297' title='bbox 1247 3770 1321 3828; x_wconf 91' lang='lat' dir='ltr'>illius</span> 
     </span>
     <span class='ocr_line' id='line_1_35' title="bbox 223 3852 1319 3931; baseline 0.002 -23"><span class='ocrx_word' id='word_1_298' title='bbox 223 3852 251 3908; x_wconf 88' lang='lat' dir='ltr'>in</span> <span class='ocrx_word' id='word_1_299' title='bbox 275 3855 420 3912; x_wconf 87' lang='lat' dir='ltr'>Bethleem</span> <span class='ocrx_word' id='word_1_300' title='bbox 441 3865 520 3912; x_wconf 73' lang='lat' dir='ltr'>omns</span> <span class='ocrx_word' id='word_1_301' title='bbox 541 3856 705 3931; x_wconf 84' lang='lat' dir='ltr'>planissime</span> <span class='ocrx_word' id='word_1_302' title='bbox 729 3858 781 3914; x_wconf 91' lang='lat' dir='ltr'>Dei</span> <span class='ocrx_word' id='word_1_303' title='bbox 800 3857 951 3913; x_wconf 88' lang='lat' dir='ltr'>adventum</span> <span class='ocrx_word' id='word_1_304' title='bbox 974 3853 1143 3928; x_wconf 87' lang='lat' dir='ltr'>significavit</span> <span class='ocrx_word' id='word_1_305' title='bbox 1162 3872 1197 3910; x_wconf 83' lang='lat' dir='ltr'>ex</span> <span class='ocrx_word' id='word_1_306' title='bbox 1215 3852 1248 3909; x_wconf 89' lang='lat' dir='ltr'>iis</span> <span class='ocrx_word' id='word_1_307' title='bbox 1269 3853 1319 3910; x_wconf 86' lang='lat' dir='ltr'>ad-</span> 
     </span>
     <span class='ocr_line' id='line_1_36' title="bbox 224 3933 1318 4016; baseline 0.002 -28"><span class='ocrx_word' id='word_1_308' title='bbox 224 3933 396 3992; x_wconf 86' lang='lat' dir='ltr'>mirabilibus</span> <span class='ocrx_word' id='word_1_309' title='bbox 415 3937 499 3994; x_wconf 87' lang='lat' dir='ltr'>rebus</span> <span class='ocrx_word' id='word_1_310' title='bbox 521 3955 583 4012; x_wconf 77' lang='lat' dir='ltr'>quoe</span> <span class='ocrx_word' id='word_1_311' title='bbox 602 3937 676 4012; x_wconf 87' lang='lat' dir='ltr'>apud</span> <span class='ocrx_word' id='word_1_312' title='bbox 698 3937 786 4016; x_wconf 89' lang='lat' dir='ltr'>ipsam</span> <span class='ocrx_word' id='word_1_313' title='bbox 804 3937 881 3992; x_wconf 90' lang='lat' dir='ltr'>illam</span> <span class='ocrx_word' id='word_1_314' title='bbox 899 3935 1044 3992; x_wconf 77' lang='lat' dir='ltr'>bethleem</span> <span class='ocrx_word' id='word_1_315' title='bbox 1066 3944 1229 3990; x_wconf 84' lang='lat' dir='ltr'>evenerunt.</span> <span class='ocrx_word' id='word_1_316' title='bbox 1274 3933 1318 3990; x_wconf 89' lang='lat' dir='ltr'>Si·</span> 
     </span>
     <span class='ocr_line' id='line_1_37' title="bbox 223 4015 1468 4087; baseline -0.001 -17"><span class='ocrx_word' id='word_1_317' title='bbox 223 4015 334 4087; x_wconf 89' lang='lat' dir='ltr'>quidem</span> <span class='ocrx_word' id='word_1_318' title='bbox 351 4015 443 4074; x_wconf 84' lang='lat' dir='ltr'>Lucas</span> <span class='ocrx_word' id='word_1_319' title='bbox 458 4017 485 4073; x_wconf 91' lang='lat' dir='ltr'>in</span> <span class='ocrx_word' id='word_1_320' title='bbox 501 4017 576 4073; x_wconf 86' lang='lat' dir='ltr'>huuc</span> <span class='ocrx_word' id='word_1_321' title='bbox 591 4019 707 4074; x_wconf 87' lang='lat' dir='ltr'>modum</span> <span class='ocrx_word' id='word_1_322' title='bbox 722 4035 856 4074; x_wconf 84' lang='lat' dir='ltr'>enarrans</span> <span class='ocrx_word' id='word_1_323' title='bbox 871 4015 1022 4073; x_wconf 90' lang='lat' dir='ltr'>describit:</span> <span class='ocrx_word' id='word_1_324' title='bbox 1048 4015 1157 4070; x_wconf 81' lang='lat' dir='ltr'>Factum</span> <span class='ocrx_word' id='word_1_325' title='bbox 1174 4024 1212 4070; x_wconf 84' lang='lat' dir='ltr'>cst</span> <span class='ocrx_word' id='word_1_326' title='bbox 1229 4023 1319 4070; x_wconf 82' lang='lat' dir='ltr'>autem</span> <span class='ocrx_word' id='word_1_327' title='bbox 1362 4018 1409 4058; x_wconf 56' lang='grc' dir='ltr'>ἵνα</span> <span class='ocrx_word' id='word_1_328' title='bbox 1422 4030 1439 4066; x_wconf 79' lang='lat'>².</span> <span class='ocrx_word' id='word_1_329' title='bbox 1452 4030 1468 4062; x_wconf 89' lang='lat'>¹·</span> 
     </span>
     <span class='ocr_line' id='line_1_38' title="bbox 224 4095 1318 4169; baseline -0.001 -19"><span class='ocrx_word' id='word_1_330' title='bbox 224 4095 249 4150; x_wconf 78' lang='lat' dir='ltr'>in</span> <span class='ocrx_word' id='word_1_331' title='bbox 269 4099 362 4154; x_wconf 74' lang='lat' dir='ltr'>diebus</span> <span class='ocrx_word' id='word_1_332' title='bbox 382 4099 449 4160; x_wconf 81' lang='lat' dir='ltr'>illis,</span> <span class='ocrx_word' id='word_1_333' title='bbox 464 4101 529 4154; x_wconf 68' lang='lat' dir='ltr'>exiit</span> <span class='ocrx_word' id='word_1_334' title='bbox 547 4099 664 4156; x_wconf 67' lang='lat' dir='ltr'>mictum</span> <span class='ocrx_word' id='word_1_335' title='bbox 685 4119 702 4153; x_wconf 87' lang='grc' dir='ltr'>ο</span> <span class='ocrx_word' id='word_1_336' title='bbox 722 4097 828 4153; x_wconf 79' lang='lat' dir='ltr'>Caeaare</span> <span class='ocrx_word' id='word_1_337' title='bbox 845 4099 977 4169; x_wconf 78' lang='lat' dir='ltr'>Augusto,</span> <span class='ocrx_word' id='word_1_338' title='bbox 995 4103 1023 4151; x_wconf 84' lang='lat' dir='ltr'>ut</span> <span class='ocrx_word' id='word_1_339' title='bbox 1044 4097 1240 4152; x_wconf 78' lang='lat' dir='ltr'>describeretur</span> <span class='ocrx_word' id='word_1_340' title='bbox 1260 4099 1318 4150; x_wconf 85' lang='grc' dir='ltr'>υινὶ-</span> 
     </span>
    </p>
   </div>
   <div class='ocr_carea' id='block_1_10' title="bbox 224 4177 1320 4333">
    <p class='ocr_par' dir='ltr' id='par_1_10' title="bbox 224 4177 1320 4333">
     <span class='ocr_line' id='line_1_39' title="bbox 224 4177 1320 4253; baseline 0 -25"><span class='ocrx_word' id='word_1_341' title='bbox 224 4192 311 4232; x_wconf 78' lang='lat' dir='ltr'>uersus</span> <span class='ocrx_word' id='word_1_342' title='bbox 326 4178 415 4234; x_wconf 78' lang='lat' dir='ltr'>urbia:</span> <span class='ocrx_word' id='word_1_343' title='bbox 438 4179 493 4234; x_wconf 81' lang='lat' dir='ltr'>hore</span> <span class='ocrx_word' id='word_1_344' title='bbox 506 4181 648 4252; x_wconf 79' lang='lat' dir='ltr'>descriptio</span> <span class='ocrx_word' id='word_1_345' title='bbox 660 4182 750 4253; x_wconf 82' lang='lat' dir='ltr'>primu</span> <span class='ocrx_word' id='word_1_346' title='bbox 757 4177 841 4250; x_wconf 80' lang='lat' dir='ltr'>sacta</span> <span class='ocrx_word' id='word_1_347' title='bbox 856 4186 894 4232; x_wconf 76' lang='lat' dir='ltr'>eat</span> <span class='ocrx_word' id='word_1_348' title='bbox 907 4178 1021 4250; x_wconf 67' lang='lat' dir='ltr'>praeside</span> <span class='ocrx_word' id='word_1_349' title='bbox 1036 4177 1123 4250; x_wconf 69' lang='lat' dir='ltr'>Syrie</span> <span class='ocrx_word' id='word_1_350' title='bbox 1139 4177 1248 4250; x_wconf 66' lang='lat' dir='ltr'>Carino.</span> <span class='ocrx_word' id='word_1_351' title='bbox 1285 4177 1320 4229; x_wconf 80' lang='lat' dir='ltr'>lit</span> 
     </span>
     <span class='ocr_line' id='line_1_40' title="bbox 263 4291 787 4333; baseline 0.008 -6"><span class='ocrx_word' id='word_1_352' title='bbox 263 4291 328 4330; x_wconf 81' lang='lat' dir='ltr'>von.</span> <span class='ocrx_word' id='word_1_353' title='bbox 344 4293 378 4333; x_wconf 88' lang='lat'>11.</span> <span class='ocrx_word' id='word_1_354' title='bbox 770 4295 787 4331; x_wconf 85' lang='grc' dir='ltr'>ν</span> 
     </span>
    </p>
   </div>
   <div class='ocr_carea' id='block_1_11' title="bbox 0 0 1571 4722">
    <p class='ocr_par' dir='ltr' id='par_1_11' title="bbox 0 0 1571 4722">
     <span class='ocr_line' id='line_1_41' title="bbox 0 0 1571 4722; baseline 0 0"><span class='ocrx_word' id='word_1_355' title='bbox 0 0 1571 4722; x_wconf 95' lang='lat' dir='ltr'> </span> 
     </span>
    </p>
   </div>
  </div>
 </body>
</html>
