3120 4716
258 259 323 326 922
706 251 892 317 EUSEBII
1334 269 1369 331 p.
1381 247 1499 328 467-

258 419 444 518 αφθῆναι)
465 411 632 494 sollercia
650 410 870 514 πασχόντων
886 416 1007 508 μελῶν
1024 407 1155 492 πόνους
1172 413 1221 490 εἷς
1239 404 1387 491 ἑαυτόνς

259 535 514 635 ἀναλαμθώνει,
534 539 592 613 καὶ
621 532 685 618 τὰς
709 533 878 635 ἡμετέροις
907 531 1043 616 νόσους
1062 537 1287 625 ἱδιοποιεῖται,
1306 533 1366 609 καὶ

260 661 405 744 πάντων
432 661 533 760 ἡμῶν
564 661 762 762 ὑπεραλγεΐ
783 662 841 738 καὶ
870 661 1060 759 ὑπερπουεΐ
1083 656 1175 736 κατὰ
1195 655 1277 739 τοὺς
1301 661 1364 754 τῆς

222 787 534 895 ιςφιλανθρωπίας
563 783 700 886 νόμους.
762 785 820 863 Ori
846 780 956 882 μόνον
982 783 1156 862 δὲταῦτα
1180 781 1322 886 πράξας
1343 782 1364 858 ὁ

262 914 373 1012 ἀμνὸς
402 921 466 992 τοῦ
495 918 600 1009 θεοῦ,
627 909 727 990 ἀλλὰ
757 913 815 990 καὶ
844 909 931 1012 ὑπὲρ
957 909 1057 1007 ἡμῶν
1085 911 1276 990 κολασθεὶς
1305 909 1364 985 καὶ
1375 947 1407 980 ιο

262 1039 433 1140 τιμωρίαν
470 1036 642 1141 ὑποσχών
674 1035 718 1135 ἢν
756 1034 862 1118 αὐτὸς
898 1035 963 1132 μὲν
1000 1036 1064 1113 οὐκ
1093 1031 1249 1139 ὤφειλεν
1278 1034 1397 1111 ἀλλίὶ

262 1167 361 1264 ἡμεῖς
377 1175 442 1244 τοῦ
465 1162 628 1262 πλήθους
656 1164 770 1240 ἕνεκεν
794 1168 867 1240 τῶν
893 1161 1262 1258 πεπλημμελημένωυ,
1280 1161 1365 1259 ἡμῖν

263 1287 373 1370 αἴτιος
390 1291 454 1385 τῆς
471 1294 544 1365 τῶν
566 1283 830 1388 ἁμαρτημάτων
854 1287 1019 1387 ἀφέσεως
1038 1283 1204 1382 κατέστη,
1223 1282 1284 1362 ἅτε
1301 1282 1365 1362 τὸν

264 1412 351 1514 ὑπὲρ
384 1412 484 1511 ἡμῶν
521 1408 780 1516 ἀναδεξάμενος
818 1409 984 1506 θάνατον,
1014 1409 1195 1509 μάστιγάς
1231 1443 1271 1488 τε
1307 1413 1388 1498 uuis

265 1541 382 1639 ὕβρεις
402 1542 460 1618 καὶ
479 1540 619 1634 ἀτιμίας
637 1539 720 1636 ἡμῖν
737 1536 1015 1643 ἐποφειλομένας
1033 1541 1081 1617 εἲς
1095 1533 1225 1614 “auria
1238 1533 1364 1633 ”pura-

263 1667 380 1760 τιθεὶς,
395 1668 454 1742 καὶ
471 1663 537 1761 τὴν
551 1665 635 1762 ἡμῖν
649 1665 979 1765 προστετιμημενηυ
997 1661 1155 1763 κατάραν
1171 1663 1226 1765 ἐφ’
1241 1657 1366 1739 ἑαυτόν

263 1783 431 1880 ἑλκύσας,
443 1786 629 1886 γενόμενος
649 1784 736 1886 ὑπὲρ
755 1787 856 1883 ἡμῶν
875 1784 1023 1887 κατάρα·
1044 1788 1102 1864 καὶ
1119 1784 1158 1862 τί
1173 1782 1244 1884 γὰρ
1259 1783 1366 1881 ἄλλο,

264 1909 288 2009 ἢ
318 1909 545 2016 ἀντίψυχον;
591 1911 646 1990 διὸ
676 1914 791 2016 φησὶν
823 1910 867 2016 ἐξ
896 1909 1062 2012 ἡμετέρου
1093 1910 1292 2010 προσώπου
1324 1905 1409 1988 riam

265 2033 401 2137 λόγιον,
421 2047 466 2144 τῷ
489 2040 639 2140 μώλωπι
660 2040 758 2117 αὐτοῦ
775 2043 867 2141 ἡμεῖς
894 2035 1038 2141 isidam,
1059 2038 1115 2114 καὶ
1145 2034 1256 2141 Κόρας
1279 2070 1367 2144 παρ-

266 2157 382 2242 ἔόωκιν
409 2166 506 2243 αὐτόν
534 2169 613 2249 ταῖς
640 2167 827 2269 ἁμαρτίαις
858 2163 957 2266 ripale,
985 2161 1082 2240 ὥστε
1110 2157 1251 2243 εἰκότως
1280 2163 1368 2238 ἑνῶυ

267 2287 392 2365 ἑαυτὸν
419 2288 502 2385 ἡμῖν
530 2289 620 2384 ἡμᾶς
645 2322 683 2365 τε
707 2291 813 2392 αὐτῷ,
832 2290 890 2366 καὶ
914 2284 959 2365 τὰ
982 2285 1132 2389 ἡμέτερα
1156 2284 1255 2382 πάθη
1280 2289 1364 2364 ἰδιο-

212 2465 215 2472 ·
266 2411 484 2509 ποιούμενος,
513 2415 638 2516 φησὶν,
672 2417 739 2514 ἐγὼ
771 2413 867 2504 εἶπαι,
900 2412 994 2517 Κύριε
1026 2413 1154 2504 ἐλέησόν
1181 2446 1238 2514 με,
1267 2413 1367 2488 ἴασαι
1379 2445 1409 2496 15

229 2535 321 2629 urit
348 2529 468 2640 ψυχήν
491 2573 568 2641 μου,
595 2539 641 2616 ‘irs
665 2542 805 2644 ἥμαρτέν
830 2573 893 2618 σοι.
950 2540 1135 2639 Ὁρῶυτοις
1162 2536 1200 2614 δὲ
1227 2532 1368 2618 εἰκότως

268 2663 350 2746 τοὺς
386 2662 680 2754 ἐπιβουλεύοντας
713 2666 754 2742 οὐ
791 2661 900 2761 μόνον
937 2663 1145 2764 ἀνθρώπους
1173 2662 1274 2742 ἀλλὰ
1311 2668 1369 2743 καὶ
1377 2689 1409 2753 p·
1417 2665 1481 2747 4⁶3

455 2840 575 2912 ὅσιἰτὸν]
593 2843 684 2895 ἑαυτὸν
699 2841 726 2894 S.
821 2836 836 2880 h
851 2839 981 2912 μεταθεὶς]
996 2841 1139 2908 μετατιθεὶς
1154 2841 1185 2894 P.

270 2991 336 3048 cilio
356 2992 493 3065 copulari)
509 2992 678 3065 patientium
693 2994 884 3049 membrorum
899 2992 1010 3049 labores
1024 2992 1053 3048 in
1068 2992 1192 3067 seipsum
1206 2991 1368 3066 assumpsit,

270 3079 300 3126 et
313 3079 425 3126 nostras
439 3071 606 3127 valetudinis
627 3073 806 3129 infirmitates
827 3091 892 3129 suas
913 3073 989 3137 iecit,
1007 3079 1036 3128 et
1055 3091 1091 3129 ex
1110 3071 1222 3147 legibus
1239 3071 1369 3128 humani·

270 3150 337 3205 tatis
358 3167 411 3223 pro
431 3151 562 3206 omnibus
582 3151 664 3208 nobis
685 3161 714 3208 et
731 3153 843 3208 dolores
862 3161 891 3209 et
910 3153 1022 3210 labores
1043 3152 1184 3208 sustinuit
1227 3152 1370 3208 Caeterum

270 3248 328 3286 non
349 3229 436 3285 modo
457 3230 540 3287 rebus
561 3230 605 3287 his
626 3231 716 3306 gestis
731 3231 787 3286 Dei
808 3251 910 3308 agnus,
925 3232 1122 3289 verumetiam
1141 3250 1193 3305 pro
1213 3232 1296 3288 nobis
1310 3240 1370 3288 tor·

271 3319 369 3367 menta
389 3328 487 3382 passus
506 3311 697 3386 supplicioque
711 3312 838 3375 affectus,
854 3331 910 3386 quo
931 3313 991 3386 ipse
1010 3311 1122 3386 quidem
1138 3311 1241 3386 dignus
1256 3310 1371 3367 minime

273 3397 334 3450 erat
353 3389 403 3446 sed
421 3390 540 3465 nosipsi
555 3401 669 3466 propter
683 3391 892 3449 multitudinem
906 3401 1096 3466 peccatorum,
1112 3401 1143 3447 ut
1158 3400 1276 3466 peccata
1288 3391 1371 3447 nobis

273 3471 482 3527 dimitterentur
503 3471 605 3526 author
625 3469 737 3526 extitit:
762 3479 861 3544 utpote
883 3472 930 3545 qui
947 3490 1000 3545 pro
1018 3470 1101 3527 nobis
1115 3480 1145 3527 et
1158 3480 1279 3528 mortem
1294 3471 1370 3527 subi-

272 3551 335 3614 erit,
351 3559 380 3606 et
393 3551 519 3613 verbera,
535 3559 564 3606 et
578 3551 691 3624 probra,
706 3559 735 3606 et
749 3551 943 3616 contumeliae,
959 3550 1059 3624 quibus
1077 3569 1130 3606 nos
1147 3551 1227 3624 digni
1248 3568 1371 3616 munus,

272 3631 303 3685 in
324 3631 446 3703 seipsum
466 3630 649 3694 transtulerit,
664 3639 693 3686 et
711 3632 855 3687 execratio
876 3649 927 3704 pro
949 3631 1031 3686 nobis
1051 3629 1143 3686 factus
1162 3630 1371 3686 execrationem

273 3728 335 3783 quae
349 3709 433 3765 nobis
453 3709 607 3766 debebatur
625 3710 661 3766 ad
682 3709 805 3782 seipsum
827 3711 985 3766 attraxerit.
1026 3709 1103 3777 Quid
1122 3710 1197 3766 enim
1218 3709 1295 3766 aliud
1316 3710 1373 3774 ille,

274 3808 358 3863 quam
372 3809 424 3864 pro
435 3788 537 3845 animis
551 3790 655 3845 nostris
665 3788 809 3862 pretium?
824 3789 918 3862 itaque
933 3809 965 3846 ex
980 3808 1102 3863 persona
1115 3798 1213 3846 nostra
1227 3789 1371 3846 oraculum

178 3906 183 3926 .
205 3905 210 3916 ·
230 3904 236 3923 ·
274 3869 323 3932 ait,
339 3869 438 3925 Livore
452 3867 509 3940 ejus
528 3887 576 3924 nos
593 3871 683 3925 sancti
704 3887 814 3924 sumus:
837 3878 865 3924 et
882 3868 1017 3925 Dominus
1038 3869 1152 3925 tradidit
1171 3888 1232 3924 eum
1253 3869 1373 3945 peccetis

274 3949 382 4002 nostrie.
424 3948 546 4005 Proinde
568 3949 668 4004 merito
694 3947 760 4002 dnm
786 3948 908 4022 seipsum
932 3949 1013 4004 nobis
1037 3948 1195 4022 conjungit,
1217 3956 1246 4004 et
1265 3967 1318 4003 nos
1339 3967 1373 4005 ac

273 4025 342 4080 vitia
355 4036 454 4081 nostra
467 4027 521 4083 sibi
534 4028 674 4090 adsciscit,
687 4028 725 4082 ita
740 4025 789 4091 ait,
804 4029 867 4102 Ερο
876 4029 941 4096 αἰαὶ,
954 4030 1079 4093 Domine,
1094 4030 1220 4085 miserere
1233 4031 1294 4090 mei.
1305 4047 1373 4084 τααα

274 4105 392 4159 lanimem
406 4123 499 4168 areum.
515 4109 580 4180 quia
591 4109 700 4181 peccavi
715 4107 783 4162 tibi.-
808 4108 991 4182 videntesque
1004 4107 1071 4163 item
1089 4106 1190 4164 merito
1208 4125 1266 4163 non
1280 4107 1373 4164 solum

274 4181 451 4235 insidiatores
479 4184 616 4250 homines,
642 4186 800 4242 sedetiam
823 4187 1008 4243 insidiatrices
1031 4187 1185 4243 invisibiles
1207 4195 1372 4262 potestates,

274 4257 330 4311 vim
352 4257 519 4314 immensam
540 4261 614 4317 illius
635 4264 736 4319 divinae
759 4266 953 4337 appellationis
970 4276 999 4322 et
1014 4267 1145 4332 nominis,
1160 4286 1216 4340 quo
1236 4267 1313 4324 haud
1333 4268 1373 4323 ita
