3144 4720
83 267 213 330 -412
456 248 685 314 DEMONST.
711 248 882 316 EVANG.
909 251 1001 315 VIII.
1017 272 1048 330 4.
1257 254 1320 316 821

226 419 430 518 διεμερίσθη
454 416 501 497 τὰ
522 427 646 498 σκῦλα
669 422 732 517 τῆς
750 417 999 520 Ἰερουσαλὴμ,
1019 421 1077 498 καὶ
1102 418 1347 524 έπισυνήχθηε

224 542 343 624 πάντα
367 544 414 623 τὰ
437 545 521 645 έθνη
546 547 599 625 ἐπ’
619 544 730 644 αιἀὴν
751 551 798 630 εἷς
815 545 986 644 πόλεμον,
1005 548 1083 646 ἥλω
1104 580 1143 626 τε
1167 546 1324 645 ἡπόλις,

227 674 285 748 καὶ
303 670 555 772 διηρπάγησαν
573 675 610 750 αἱ
628 672 743 768 οἰκίαι,
762 675 820 750 καὶ
838 676 876 750 αἱ
892 679 1053 771 γυναῖκες
1073 669 1325 771 ἐμολύνθησαν

226 794 445 900 ἀπήχθησαν
469 831 510 878 τε
536 803 585 882 είς
612 798 875 902 αἰχμαλωσίαν,
894 799 984 894 ὁμοῦ
1010 831 1049 876 τε
1076 799 1136 876 καὶ
1163 795 1254 876 κατὰ
1281 795 1324 876 τὸ

226 921 313 1002 αὐτὸ
334 924 354 1001 ὁ
374 925 506 1027 Κύριος
523 929 727 1027 συμμαχῶν
743 931 817 1006 τοῖς
835 924 953 1003 ἔθνεσι
970 931 1044 1008 τοῖς
1061 921 1127 1022 τὴν
1143 925 1323 1026 Ἰερουσα-
1334 960 1365 995 ιο

225 1047 302 1149 λῆμ
319 1059 522 1148 πολεμοῦσι
539 1049 765 1156 παρετάξατο
782 1053 820 1130 έν
837 1053 981 1147 αὐτοὺς
1013 1049 1036 1150 ἢ
1055 1049 1141 1131 πότε
1161 1051 1323 1152 ἔστησαν

225 1182 259 1256 οἱ
276 1176 382 1260 πόδες
400 1179 507 1258 αὐτοῦ
525 1180 582 1258 ἐπὶ
600 1175 642 1257 τὸ
660 1178 742 1280 ὅρος
759 1184 832 1257 τῶν
845 1180 1006 1274 ·ε’λαιῶν;
1038 1174 1060 1278 ἢ
1086 1176 1173 1257 πότε
1198 1177 1352 1279 γέγουείι

228 1304 359 1408 Κύριος
386 1310 434 1388 εἷς
461 1305 621 1398 βασιλέα
649 1307 706 1386 ἐπὶ
733 1311 859 1385 πᾶσαν
886 1303 952 1403 τὴν
979 1309 1058 1406 γῆν,
1076 1301 1182 1387 αι’ττός
1209 1337 1246 1382 τε
1274 1303 1323 1388 εἶς

228 1429 358 1532 Κύριος
389 1434 447 1511 ἐπὶ
483 1428 620 1514 πάντας
651 1431 870 1534 ἀνθρώπους,
904 1436 962 1510 καὶ
995 1430 1037 1510 τὸ
1070 1429 1183 1527 ὄνομα
1214 1431 1322 1510 αὐτοῦ

226 1559 443 1657 ’έγκυκλοῦυ
461 1564 587 1638 πᾶσαν
599 1556 666 1656 τὴν
677 1562 746 1658 γῆν
765 1561 823 1638 καὶ
840 1556 906 1657 τὴν
920 1558 1050 1660 ἔρημον
1064 1589 1075 1653 ;
1107 1563 1233 1637 Ταῦτα
1251 1555 1344 1659 γὰρε

225 1686 296 1764 οὐδ
317 1684 458 1764 ἄλλοτέ
474 1719 532 1764 πω
556 1682 731 1789 πρότερον
758 1685 832 1789 έχοι
857 1685 902 1763 ἄν
927 1718 981 1768 τις
1006 1689 1055 1768 εἷς
1077 1682 1188 1786 πέρας
1210 1684 1322 1789 δεῖξαι

226 1809 381 1915 ἀχθέντα
410 1809 429 1910 ἢ
456 1809 547 1890 κατὰ
572 1809 654 1895 τοὺς
673 1812 861 1908 Ῥωμαίων
886 1809 1046 1915 χρόνους,
1065 1811 1148 1890 καθ’
1169 1809 1230 1893 οὓς
1255 1811 1320 1909 έμ-

223 1934 395 2036 πρησμὸυ
419 1937 578 2036 ὑπέμεινε
600 1934 762 2038 δεύτερον
779 1935 869 2034 μετὰ
895 1935 959 2015 τὸν
985 1935 1054 2016 ὑπὸ
1080 1937 1324 2030 Βαβυλωνίων

225 2064 245 2140 ὁ
271 2061 356 2146 νεὼς
381 2063 508 2158 αὐτῶν,
528 2063 608 2162 ἥτε
631 2061 739 2146 πόλις
762 2064 807 2169 ἐξ
826 2063 957 2141 ἐκείνου
983 2069 1041 2140 καὶ
1066 2068 1113 2145 είς
1132 2067 1234 2165 δεῦρο
1253 2061 1322 2144 ὑπὸ
1335 2100 1363 2136 ιο

185 2217 215 2266 αε
225 2188 450 2295 ἀλλοφύλων
477 2192 589 2268 ἐθνῶν
616 2194 883 2268 κατοικισθεΐσα
907 2188 1092 2267 δείκνυται.
1145 2187 1236 2267 Ὅτε
1264 2192 1324 2269 καὶ

227 2317 247 2393 ὁ
268 2315 399 2417 Κύριος
418 2316 518 2412 ἡμῶν
534 2316 677 2414 Ἰησοῦς
696 2317 716 2394 ὁ
739 2314 900 2416 Χριστὸς
918 2323 982 2393 τοῦ
1000 2319 1096 2394 Θεοῦ
1113 2313 1178 2398 τὰς
1197 2315 1349 2398 οἶκείαςο

224 2441 373 2518 ἐποιεῖτο
401 2439 583 2542 διατριβὰς
613 2443 671 2521 ε’πὶ
697 2449 762 2520 τοῦ
790 2443 958 2522 έλαιῶυος
985 2449 1049 2520 τοῦ
1075 2440 1324 2541 ’κατάντικρυς

225 2571 288 2664 τῆς
315 2565 554 2669 Ἰερουσαλὴμ
591 2565 704 2668 ὅρους,
735 2568 984 2668 πληρουμένου
1019 2576 1084 2646 τοῦ
1118 2564 1325 2671 φάσκοντος

227 2690 348 2794 λόγου,
364 2703 422 2773 καὶ
444 2695 616 2782 στήσονται
637 2703 663 2774 oi
683 2689 782 2778 πόθει
802 2697 899 2773 αὐτοῦ
918 2694 973 2773 ἐπὶ
993 2693 1028 2772 vl
1049 2695 1114 2800 ἔρις
1130 2693 1189 2772 onir
1206 2692 1325 2772 ἐλαιῶν

306 2871 472 2926 Ὶένκυιιλοῦν
486 2872 516 2927 S.
600 2879 612 2908 ²
627 2869 757 2944 ἄντικρυς]
774 2871 939 2943 κατίίντιιιρυς
952 2873 984 2926 Ρ.
1013 2869 1067 2925 κατ’
1082 2869 1199 2942 ἄντικρυς
1214 2870 1243 2924 S.

225 3023 293 3072 sunt
312 3015 381 3080 dies,
400 3015 430 3071 in
451 3013 552 3089 quibus
573 3015 663 3090 spolia
681 3015 859 3073 Hierusalem
881 3016 971 3074 divise
991 3025 1067 3081 suut,
1089 3023 1119 3074 et
1139 3023 1240 3091 gentes
1261 3015 1323 3072 uui-

225 3113 313 3152 versae
328 3097 365 3152 ud
379 3095 482 3153 bellum
497 3104 597 3152 contre
610 3113 673 3152 eam
688 3095 835 3161 coiverint,
850 3105 880 3154 et
898 3098 997 3154 civitas
1017 3105 1100 3174 cepte
1119 3097 1165 3161 sit,
1181 3105 1210 3154 et
1224 3096 1326 3153 domus

226 3177 351 3250 direpte,
367 3186 397 3233 et
410 3175 541 3232 mulieres
560 3176 675 3250 polluta
697 3185 781 3251 etque
795 3177 824 3233 in
839 3177 1003 3234 servitutem
1018 3176 1147 3234 abactae?
1169 3186 1198 3233 et
1212 3176 1325 3251 quando

225 3257 309 3314 simul
323 3258 375 3314 sub
389 3255 464 3314 idem
476 3265 588 3331 tempus
598 3256 739 3313 Dominus
752 3255 886 3331 gentibus
903 3257 1081 3314 Hierusalem
1095 3257 1325 3332 oppugnantibus

225 3337 394 3394 subveniens
413 3337 587 3412 comparavit
606 3355 636 3394 se
657 3337 694 3393 nd
714 3337 841 3410 praelium
858 3355 923 3393 cnm
941 3337 1018 3394 illisi
1041 3345 1089 3393 unt
1103 3337 1215 3411 quando
1237 3345 1325 3393 stete·

225 3425 293 3474 runt
306 3419 392 3491 pedes
407 3419 467 3492 ejus
486 3417 516 3474 in
535 3425 631 3474 moute
646 3417 804 3473 olisatum?
826 3425 875 3472 eut
890 3417 1003 3490 quondo
1024 3416 1118 3473 extitit
1134 3416 1275 3472 Dominus
1294 3415 1325 3472 in

225 3515 324 3572 regem
350 3515 401 3573 per
419 3498 579 3554 universnm
602 3505 717 3560 terrem,
738 3496 853 3570 ipseque
874 3515 947 3552 unns
969 3497 1109 3552 Dominus
1130 3495 1205 3570 apud
1226 3513 1325 3551 omnes

225 3577 366 3642 homines,
382 3586 411 3634 et
429 3595 534 3635 nomen
553 3578 615 3652 ejus
635 3577 761 3634 ambiens
776 3577 934 3633 universum
950 3585 1054 3632 terrum
1075 3583 1105 3632 et
1120 3573 1324 3632 solitudinem?

226 3659 297 3715 Hoee
311 3659 387 3715 enim
401 3676 544 3732 uunquam
560 3657 706 3732 quisquam
722 3665 805 3714 antea
818 3655 853 3713 ud
869 3675 950 3714 suum
962 3657 1048 3713 finem
1059 3656 1196 3731 perducto
1206 3655 1323 3712 demon-

226 3746 316 3795 strare
329 3739 435 3813 poterit
448 3738 503 3794 nisi
519 3737 714 3794 Romanorum
728 3737 912 3812 temporibus,
927 3737 1027 3812 quibus
1041 3746 1108 3812 post
1122 3734 1325 3810 Babylonicum

226 3817 390 3876 incendium
410 3819 499 3875 altero
518 3836 616 3874 rursus
630 3819 762 3875 incendio
780 3819 906 3892 ipsorum
920 3817 1057 3892 templum
1072 3823 1213 3872 vastatum
1228 3823 1281 3878 est.
1296 3823 1326 3871 et

226 3897 325 3956 nivibus
349 3917 384 3955 ex
407 3899 457 3954 illo
478 3899 513 3954 nd
534 3898 717 3972 hunnosque
740 3898 814 3954 diem
841 3899 877 3956 nb
899 3898 1025 3955 externis
1046 3896 1180 3971 gentibus
1204 3895 1325 3951 habitari

226 3978 395 4036 ostenditur.
437 3978 504 4046 Quo
516 3986 645 4054 tempore
660 3979 745 4036 etium
760 3979 899 4034 Dominus
916 3987 1016 4034 noster
1027 3977 1112 4033 Jesns
1126 3976 1257 4032 Christus
1272 3974 1326 4032 Dei

226 4059 332 4116 versari
352 4059 382 4115 in
401 4059 507 4114 oliveto
527 4059 683 4123 consuevit,
698 4059 774 4132 quod
788 4058 875 4114 estin
896 4065 994 4116 monte
1014 4065 1115 4114 contre
1136 4055 1325 4122 Hierusalem,

226 4137 455 4212 completumque
469 4147 513 4195 est
528 4138 671 4195 orueulum
686 4139 762 4213 quod
776 4138 825 4203 uit,
843 4139 880 4194 Et
893 4138 1005 4194 eludunt
1015 4137 1097 4210 pedes
1109 4136 1167 4208 ηἰιι
1188 4139 1215 4192 ln
1238 4142 1328 4191 monle

229 4216 380 4284 olivarum,
395 4221 442 4292 qui
454 4227 493 4276 eel
508 4226 604 4276 contra
619 4219 798 4286 Hierusalem,
813 4218 868 4274 hoc
882 4225 926 4274 est
944 4217 1078 4292 religioso
1097 4216 1199 4292 pioque
1213 4213 1327 4272 vivendi

226 4296 358 4355 instituto
382 4315 433 4373 per
455 4297 553 4356 orbem
577 4307 717 4356 terrerum
740 4297 856 4356 condito
879 4302 908 4354 et'
929 4307 1025 4356 erecto
1050 4315 1149 4354 omues
1170 4294 1326 4354 secundum
