3132 4714
65 271 201 336 -333·
462 257 689 325 DEMONST.
715 259 885 325 EVANG.
911 262 1029 325 VII.1.
1248 260 1312 328 665

209 423 278 517 σὶμ
299 421 475 515 βασιλεῦς
493 423 537 524 ἧν
555 425 666 504 πάλιν
684 433 756 504 τῶν
774 428 812 504 ἐν
831 431 1021 532 Δαμασκῷ
1039 430 1332 528 είδωλολατρῶνο

208 549 330 644 έθνῶν,
357 552 405 632 ὦς
432 555 491 628 καὶ
519 553 539 630 ὁ
568 549 640 634 υίὸς
658 552 856 650 Ῥομελίου,
877 557 950 630 τῶν
977 554 1015 630 έν
1038 553 1219 657 Σαμαρείᾳ
1246 561 1310 632 τοῦ

209 675 390 754 Ἰουδαίων
413 675 535 760 ἔθνους
565 677 804 758 ἀποστάντων
830 682 894 776 τῆς
922 679 1074 779 πατρίου
1102 681 1305 779 θρησκείας.

119 875 123 886 .
152 800 375 880 ιιοἈπειλεῖ
397 811 586 904 τοιγαροῦν
611 800 640 914 6:
651 803 744 886 Θεὸς
771 811 845 887 τοῖς
867 801 917 902 μὴ
944 803 1008 882 τὸν
1033 804 1194 902 Σιλωὰμ,
1213 807 1306 884 τοῦτ’

207 923 288 1004 rim
319 925 384 1006 τὸν
414 927 689 1027 ἀπεσταλμένον
712 925 958 1026 Ἐμμανουήλ,
988 930 1046 1005 καὶ
1077 927 1141 1006 τὸν
1172 931 1211 1007 ἐκ
1243 934 1307 1028 τῆς
1318 971 1348 1006 ιο

206 1050 427 1156 προφήτιδας
451 1053 686 1155 γεγενημένον
705 1053 791 1150 υἱὸν,
809 1052 928 1134 τόντε
951 1053 1104 1153 πότιμον
1120 1058 1178 1135 καὶ
1204 1054 1336 1157 γόνωδ

206 1209 277 1272 μον
294 1179 403 1258 αῦτοῦ
422 1179 535 1281 λόγον
551 1180 864 1286 παραδεξαμένοις,
879 1180 979 1258 ἀλλὰ
996 1189 1123 1259 τοῦτον
1141 1180 1217 1279 μέν,
1232 1185 1307 1262 καί·-

206 1335 262 1381 τοι
285 1301 408 1406 πράως
433 1309 491 1384 καὶ
516 1307 636 1411 ἡσυχῇ
662 1304 866 1412 φερόμενον,
885 1305 1201 1408 ἀπαραιτουμένοις,
1221 1309 1305 1386 καθ’

205 1427 340 1508 ἑαυτῶν
358 1430 396 1509 δὲ
414 1431 492 1530 ἤτοι
509 1430 572 1512 τὸν
589 1440 662 1512 τῶν
680 1436 951 1534 είδωλολατριῦν
969 1434 1080 1511 ἐθνῶν
1099 1431 1256 1534 ἄρχοντα
1285 1431 1305 1532 ἢ

205 1551 269 1632 τὸν
300 1559 364 1654 τῆς
400 1559 629 1642 ἀποστασίας
662 1568 725 1638 τοῦ
761 1567 852 1638 λαοῦ
884 1565 947 1637 τοῦ
980 1563 1076 1636 Θεοῦ
1107 1558 1326 1657 ’ἑλομένοιςς

203 1680 347 1786 ε’πιὶξειν
365 1681 406 1762 τὸ
432 1685 526 1786 ὕδωρ
550 1692 614 1763 τοῦ
638 1691 801 1782 ποταμοῦ
824 1681 866 1762 τὸ
888 1682 1039 1786 ἰσχυρὸν
1057 1686 1115 1762 καὶ
1137 1682 1179 1763 τὸ
1197 1682 1304 1781 πολὺ,

203 1803 292 1908 ὅπερ
325 1809 420 1910 ὕδωρ
450 1807 556 1891 nitrio
583 1811 603 1887 ὁ
630 1811 692 1908 τῆς
723 1810 943 1914 προφητείας
972 1805 1084 1909 λόγος
1115 1810 1303 1912 ἑρμηνεύει,

203 1933 323 2032 λέγων
346 1931 454 2012 αὐτὸν
479 1930 565 2013 εἶναι
592 1933 656 2014 τὸν
682 1935 840 2030 βασιλέα
867 1942 940 2014 τῶν
957 1933 1180 2036 Ἀσσυρίων·
1211 1937 1303 2015 σῦτω

202 2056 315 2137 πάλιν
355 2059 433 2158 ἤτοι
471 2059 563 2139 κατὰ
608 2059 764 2140 διάνοιαν
808 2061 994 2160 σημαίνων
1036 2059 1100 2139 τὸν
1145 2061 1342 2164 ἄρχονταιο

203 2192 266 2264 τοῦ
294 2189 419 2268 αίῶνος
446 2187 583 2284 τοῦτου,
608 2185 631 2286 ἢ
660 2186 727 2286 τὴν
751 2197 814 2267 νῦν
837 2190 1099 2290 ἐπικρατοῦσαν
1116 2190 1303 2285 Ῥωμαίων

187 2301 372 2414 ’ἀρχὴν,ᾗ
400 2313 458 2390 καὶ
481 2311 735 2415 παρεδόθησαν
758 2317 791 2391 οἱ
818 2311 861 2392 τὸ
888 2313 954 2411 μὲν
972 2312 1132 2413 δηλωθέν
1149 2322 1213 2392 τοῦ
1233 2319 1326 2393 Eoo

203 2433 309 2532 λωὰμ
328 2437 422 2537 ὕδωρ
439 2435 481 2516 τῦ
498 2436 737 2541 πορευόμενον
754 2440 874 2542 ἡσυχῇ
892 2437 1209 2542 παραιτησάμενοι,
1226 2447 1300 2523 τοῖς

203 2559 240 2640 δὲ
268 2563 436 2647 ἐναντίοις
468 2567 526 2642 καὶ
546 2563 732 2663 πολεμίοις
757 2573 822 2643 τοῦ
849 2566 958 2666 ὀρθοῦ
981 2561 1095 2664 λόγου
1120 2565 1299 2666 δόγμασιν

148 2685 343 2770 unicornis
362 2688 658 2789 ῦιτοβεβληκότες.
720 2693 855 2770 Αὐτίκα
879 2699 966 2792 γοῦν
985 2696 1043 2768 καὶ
1061 2692 1125 2768 οὐκ
1143 2695 1191 2774 εἰς
1208 2688 1322 2788 ’μα-ι

202 2812 288 2916 «pov
314 2812 364 2912 μὴ
389 2815 691 2920 παραδεξαμένοις
718 2816 836 2899 αὐτοῖς
857 2814 899 2894 τὸ
927 2823 991 2893 τοῦ
1010 2819 1176 2916 Σωτῆρος
1199 2815 1300 2915 ἡμῶν

241 2960 256 3004 ‘¹
272 2965 518 3038 παραιτησαμένοιι]
535 2968 748 3038 παραιτουμένοις
763 2968 794 3022 P.
918 2966 1077 3036 θίλομένοιτ
1091 2983 1145 3020 om.
1162 2965 1192 3020 P.
1209 2983 1234 3019 v.
1249 2965 1298 3021 ins.

199 3045 394 3118 nonnu-
476 3041 596 3118 μικρὸν
611 3047 642 3101 1‘-

199 3165 338 3232 nolebnnt,
353 3167 426 3223 sicot
441 3167 577 3224 Romelioe
598 3167 672 3224 iilius
692 3167 754 3242 ejus
774 3166 900 3224 Judnioae
917 3167 1021 3242 gentis,
1037 3185 1099 3241 ηοω
1120 3166 1151 3222 in
1169 3165 1299 3224 Samaria

198 3246 319 3320 putrium
340 3247 507 3322 religionem
528 3247 699 3305 deseruerat.
742 3247 871 3304 Minatur
886 3266 957 3322 ergo
970 3248 1048 3304 Deus
1062 3246 1097 3304 iis
1110 3246 1157 3320 qui
1178 3245 1296 3312 Siloam,

198 3323 254 3381 hoo
272 3335 316 3382 ost
335 3327 453 3383 missum
468 3327 646 3392 Emmanuel,
661 3335 691 3385 st
704 3345 770 3384 enm
790 3327 837 3401 qui
851 3345 886 3384 ex
901 3327 1018 3383 muliere
1033 3327 1199 3404 prophetica
1213 3335 1297 3384 natus

197 3404 235 3460 sit
256 3405 355 3472 filiurn,
380 3406 558 3481 possibileque
578 3427 612 3464 oo
632 3407 794 3465 foeoundum
815 3407 877 3481 ojus
893 3407 1010 3462 verbum
1032 3425 1090 3462 non
1111 3406 1295 3478 susceperint,

198 3485 249 3541 sed
269 3485 338 3542 illud
360 3487 488 3560 quumvis
509 3495 655 3544 mansuete
673 3495 702 3544 et
720 3505 785 3544 cum
804 3485 916 3543 silentio
929 3485 1036 3541 feratur
1049 3484 1250 3550 recusaverint,
1266 3494 1296 3541 et

197 3571 298 3622 oontrn
319 3566 428 3641 seipsos
452 3574 502 3623 aut
524 3567 652 3642 gentium
677 3565 847 3624 simulachro
868 3564 1021 3620 colentium
1044 3571 1093 3620 sut
1116 3562 1213 3637 populi
1238 3563 1294 3620 Dei

196 3643 364 3702 deiectionis
391 3646 547 3722 principem
579 3647 740 3721 optaverint
771 3665 801 3703 se
831 3644 1012 3702 inducturum
1042 3661 1143 3718 nquam
1170 3643 1293 3700 fluminis

195 3723 300 3782 fortem
321 3735 352 3782 et
372 3727 500 3792 multam,
522 3747 607 3802 quom
631 3745 699 3784 sone
723 3745 824 3800 nquam
848 3726 940 3799 ipsum
965 3723 1119 3799 prophetiis
1147 3722 1292 3780 oraculum

196 3803 406 3879 interpretatur,
417 3807 523 3875 dicens,
534 3807 624 3882 ipsnm
638 3825 701 3864 esse
714 3823 811 3880 regem
823 3805 1015 3881 Assyriorum.
1041 3803 1089 3861 Sic
1104 3803 1180 3860 enim
1195 3821 1291 3862 rursus

195 3886 350 3942 modom
373 3887 552 3950 sententiaro.
577 3896 627 3948 σοι
650 3887 791 3962 signifieat
812 3886 967 3960 prinoipem
995 3884 1089 3942 saeouli
1112 3883 1208 3958 hujus,
1233 3893 1290 3950 sot,

195 3963 272 4037 quod
285 3985 361 4022 nuno
373 3985 469 4024 rerum
482 3967 599 4042 potitur,
615 3965 810 4024 Rornanorum
830 3965 988 4040 imperium.
1002 3965 1048 4021 oui
1063 3964 1181 4038 imperio
1195 3964 1291 4022 traditi

194 4053 270 4111 sunt,
284 4045 332 4119 qui
353 4065 427 4110 eom,
442 4048 547 4122 dequo
564 4047 671 4104 diotnm
686 4054 740 4110 est,
755 4065 857 4120 aquom
878 4044 996 4108 Siloam,
1010 4063 1073 4118 qun
1093 4063 1158 4100 curn
1179 4044 1291 4102 silentio

194 4123 280 4189 vidit,
294 4135 505 4192 recusaverunt,
519 4127 687 4185 adversariis
700 4134 796 4184 nutem
817 4133 901 4198 atque
921 4123 1051 4181 hostibus
1068 4133 1154 4182 reotae
1175 4125 1292 4181 rationis

194 4206 343 4263 ssotsntiis
361 4215 447 4282 atque
466 4207 645 4282 opinionibus
665 4206 772 4280 seipsos
792 4205 982 4279 subjecerunt.
1024 4204 1185 4278 Evestigio
1206 4205 1291 4267 enim.

194 4301 285 4358 neque
299 4286 339 4343 its
352 4295 418 4360 post
432 4288 551 4346 multum
565 4297 687 4362 tempus,
702 4287 731 4344 in
752 4304 802 4343 eos
823 4284 870 4359 qui
890 4283 1045 4342 salvatoris
1064 4284 1156 4341 nostri
1169 4301 1291 4358 evange·

236 4400 305 4439 VOL.
322 4401 356 4439 11.
766 4400 785 4437 U
