3144 4720
265 241 330 304 sos
399 297 403 306 ,
742 237 928 303 ausnnu
1341 254 1504 322 ouo—

260 433 332 478 των
359 397 535 499 μεγίστην
562 397 745 492 ἀσέβειαν·
781 395 835 476 διὸ
864 396 1135 504 ἐξεγερθήσεται
1163 398 1224 476 ἀπ’
1245 398 1388 476 αὑτῶνς

222 529 317 606 rorat
336 523 633 631 ἐξαναστήσεται.
683 525 749 608 Τίς
767 525 870 608 οὗτος
890 521 914 623 ἢ
932 526 953 603 ὁ
971 522 1282 630 προφητευόμενος
1298 531 1364 601 τοῦ

261 658 356 732 Θεοῦ
385 651 514 754 Λόγος,
542 649 582 734 ὃς
609 652 668 730 καί
700 650 870 732 ἀπώλεσε
897 649 1099 752 σωζόμενον
1127 653 1166 730 ἐκ
1193 647 1359 743 πόλεως;

259 775 373 876 Οἶμαι
392 777 430 858 δὲ
448 775 514 876 τὴν
531 777 771 879 Ἰερουσαλὴμ
790 779 1019 876 αἰνίττεσθαι,
1037 779 1082 884 ἐξ
1097 779 1138 878 ἧς
1156 776 1270 858 ῶλετο
1292 783 1364 860 πᾶς

258 899 468 1004 σωζόμενος,
489 899 511 1001 ἢ
537 905 596 980 καὶ
620 900 662 981 τὸ
687 907 760 981 πῶν
783 910 848 981 τοῦ
872 901 993 986 ἔθνους
1012 903 1128 981 αι’ττῶν
1151 902 1361 996 πολίτευμα.
1377 943 1408 978 ιο

258 1034 384 1109 Ταῦτα
408 1027 446 1106 δὲ
465 1029 604 1108 ιὁποίου
628 1026 754 1110 τίλους
774 1028 906 1133 ἔτυχεν,
926 1031 1014 1124 ὁμοῦ
1039 1032 1084 1132 τῇ
1109 1035 1173 1106 τοῦ
1196 1031 1390 1128 Σωτῆροςο

257 1153 358 1252 ἡμῶν
383 1160 436 1238 είς
455 1153 664 1256 ἀνθρώπους
688 1153 868 1260 ε’κλάμψει
887 1161 959 1233 τῶν
977 1153 1042 1252 μὲν
1059 1156 1145 1255 πρὶν
1163 1159 1360 1234 εἰδωλολα-

256 1288 351 1383 τρῶν
374 1283 485 1362 ἐθνῶν
510 1285 559 1366 είς
582 1278 647 1360 τὸν
669 1281 787 1360 αὐτῶν
805 1279 1062 1379 μεταστάντων
1080 1284 1224 1382 κλῆρον,
1242 1288 1306 1360 τοῦ
1325 1279 1363 1359 δὲ

257 1407 439 1486 Ἰουδαίων
471 1405 592 1490 ἔθνους
619 1408 677 1484 καὶ
705 1411 768 1504 τῆς
798 1402 1053 1508 μητροπόλεως
1081 1407 1199 1485 αὐτῶν
1225 1439 1360 1484 πεπον-

259 1531 375 1612 θότων
394 1534 500 1611 ὁποῖα
519 1530 753 1628 οὐδεπώποτε,
771 1532 812 1610 οὐ
828 1538 975 1634 μακρῶν
993 1534 1065 1610 δεῖν
1082 1527 1179 1627 οἶμαι
1198 1529 1329 1632 λόγων.
1372 1575 1387 1622 ⁵

220 1693 246 1728 ¹¹
312 1657 435 1738 Ἀλλά
464 1657 511 1736 τά
542 1657 607 1756 μὲν
637 1661 700 1756 τῆς
729 1665 944 1762 συμφωνίας
975 1662 1038 1757 τῆς
1070 1692 1108 1736 τε
1138 1661 1363 1764 προφητνςῆς

256 1783 487 1888 προρρήσεως
525 1786 583 1862 καὶ
617 1788 681 1882 τῆς
717 1785 949 1886 εὐαγγελικῆς
981 1782 1263 1888 συμπεράνσεως
1295 1780 1368 1863 ῶδί

256 1947 334 1995 πως
352 1911 460 2014 ἐχέτω
479 1911 637 1994 “τίλους·
669 1911 751 1991 τίδ’
771 1910 816 2010 ἦν
833 1908 875 1992 τὸ
900 1911 1012 1992 α’ίτιον
1037 1916 1102 2011 τῆς
1129 1910 1362 2015 ε’πιλάμψεως

258 2046 321 2118 τοῦ
340 2037 512 2144 φανέντος
529 2037 680 2141 ἀστέρος
699 2043 855 2118 συνιδεῖν
873 2039 985 2144 ἄξιον.
1027 2047 1087 2123 Εἰς
1106 2043 1230 2140 σημεῖα
1248 2040 1364 2140 φησὶν
1374 2069 1405 2102 ¹⁰

261 2165 280 2240 ὁ
304 2167 457 2261 Μωσῆς,
478 2171 537 2243 καί
562 2172 608 2248 είς
636 2161 762 2270 καιρῶν
789 2170 969 2245 τεθεῖσθαι
987 2163 1070 2248 τοὺς
1088 2163 1225 2248 πάντας
1248 2165 1286 2242 ε’ν
1311 2166 1363 2269 τῷ

260 2289 480 2391 στερεῶματι
500 2287 568 2370 ὑπὸ
585 2299 649 2368 τοῦ
668 2295 763 2370 Θεοῦ
782 2291 949 2394 άστέρας·
981 2290 1079 2396 ξένος
1099 2289 1137 2369 δὲ
1154 2288 1219 2389 'riv
1238 2293 1295 2369 καὶ
1321 2291 1363 2368 οὐ

261 2413 431 2514 συνήθης,
450 2416 528 2496 οὐδὲ
550 2423 623 2495 τῶν
647 2424 799 2496 πολλῶν
827 2421 885 2497 καί
909 2418 1097 2519 γνωρίμων
1115 2415 1174 2513 είς,
1192 2415 1292 2494 ἀλλά
1310 2438 1392 2500 τιςά

262 2541 381 2625 καινὸς
399 2545 456 2622 καί
475 2543 550 2626 νίος
567 2540 705 2644 ’ἀστὴρ
723 2545 903 2646 ἐπιφανείς
925 2549 976 2648 τῷ
997 2543 1067 2648 βίῳ
1088 2549 1239 2641 σημεῖον
1257 2542 1361 2646 ξένου

263 2673 456 2777 φωστῆρος
480 2667 608 2769 ἐδήλου
635 2667 940 2774 καταλάμψαντος
965 2675 1017 2774 τῷ
1034 2671 1142 2748 παντὶ
1166 2665 1303 2774 κόσμῳ,
1323 2665 1361 2751 ὃς

303 2814 400 2888 tr‘irror]
415 2817 506 2870 ὁποίου
521 2817 552 2871 Ρ.
730 2823 747 2855 ¹²
760 2814 849 2887 τέλος]
867 2817 958 2870 πίλους
974 2815 1004 2868 Ρ.
1181 2825 1194 2856 ¹
1209 2811 1267 2885 οὖν]
1284 2811 1315 2880 ἦν
1329 2813 1360 2866 P.

263 2904 279 2949 1
292 2895 376 2966 ἀστὴρ
392 2896 422 2950 Ρ.
438 2897 466 2951 in
480 2915 566 2968 marg.

262 3006 409 3082 prophetis
427 3007 536 3064 ennitnr
550 3007 628 3063 Deus
642 3006 778 3070 Verbum,
794 3007 841 3080 qui
858 3006 943 3063 etiam
957 3006 1080 3081 perdidit
1093 3025 1158 3062 eum
1173 3005 1220 3080 qui
1235 3014 1362 3062 serrator

262 3103 297 3142 ex
312 3085 446 3142 civitate?
468 3085 578 3154 Quibus
593 3087 685 3144 verbis
699 3087 789 3162 ipsam
804 3087 982 3143 Hierusalem
1000 3087 1152 3161 significari
1167 3085 1304 3144 arbitror:
1328 3105 1361 3142 ex

262 3183 318 3239 qun
336 3166 420 3239 periit
438 3167 530 3223 omnis
550 3168 707 3242 quicunque
728 3175 871 3241 superstes
891 3167 1004 3232 mansit,
1027 3175 1078 3224 out
1091 3167 1177 3224 etism
1198 3185 1282 3224 omne
1301 3167 1363 3241 ejus

261 3245 357 3321 gentis
378 3246 459 3304 civile
479 3247 649 3304 institutum.
693 3247 764 3304 Haee
778 3255 872 3304 autem
892 3265 1043 3322 quemnam
1058 3247 1166 3304 exitum
1182 3247 1284 3304 sortita
1296 3247 1361 3311 sint,

262 3345 348 3401 quum
368 3337 469 3402 gentes
489 3329 567 3403 prius
588 3329 758 3385 simulachra
779 3328 904 3385 colentes
927 3346 984 3383 una
1005 3346 1068 3385 cnm
1094 3327 1249 3385 Salvatoris
1272 3328 1363 3384 nostri

260 3408 336 3466 inter
353 3407 482 3466 homines
502 3417 603 3466 exortu
620 3409 650 3464 in
668 3409 780 3466 illomm
795 3416 900 3465 sortem
915 3409 1059 3465 translate
1080 3407 1146 3473 sint,
1160 3408 1281 3464 Judaien
1294 3426 1362 3464 vero

262 3509 334 3564 gens
358 3498 388 3547 et
407 3490 571 3547 Judaeorum
592 3499 684 3546 mater
706 3489 805 3546 civitas
829 3507 864 3546 ea
885 3507 1026 3563 perpessae
1045 3489 1111 3554 sint,
1134 3507 1196 3562 quae
1217 3507 1363 3563 nunqnam

262 3580 355 3636 antea,
367 3589 425 3628 non
438 3570 561 3646 longiori
575 3569 695 3626 arbitror
710 3569 837 3626 oratioue
850 3569 977 3644 indigere
991 3578 1024 3626 ut
1037 3569 1160 3643 apertius
1175 3569 1351 3626 ostendatur.

302 3653 438 3709 Attamen
453 3671 514 3726 quae
525 3651 561 3707 ad
570 3668 739 3708 consensum
753 3650 896 3724 pertinent
904 3659 965 3706 tum
976 3649 1148 3724 propheticoe
1159 3648 1360 3722 praedictionis,

261 3739 322 3788 tum
338 3732 507 3806 evangelicu*
523 3731 783 3798 consummationis,
798 3731 884 3787 talem
906 3748 974 3786 sane
994 3729 1118 3786 habeant
1133 3729 1251 3786 exitum.
1295 3727 1360 3785 Ce-

260 3819 352 3869 terum
369 3831 430 3885 quae
445 3812 560 3868 tandem
582 3829 667 3867 nausa
685 3811 789 3874 extitit,
804 3819 919 3885 propter
940 3828 1023 3884 qnam
1041 3809 1132 3874 stella,
1148 3828 1210 3883 quae
1224 3816 1284 3865 turn
1300 3808 1362 3864 visa

261 3900 315 3956 est,
340 3892 472 3956 illuxerit,
498 3911 560 3966 quae
582 3891 695 3968 quidem
721 3909 806 3947 cause
832 3890 1024 3964 contemplatu
1052 3891 1140 3964 digna
1166 3890 1225 3946 sit?
1257 3888 1361 3945 Moses

262 3972 376 4044 quidem
396 3975 424 4028 iu
444 3975 522 4046 signu
544 3972 583 4029 ait
599 3981 624 4030 et
644 3979 763 4044 tempora
785 3971 813 4026 in
834 3971 1013 4026 firmamento
1036 3989 1054 4026 a
1077 3969 1140 4026 Deo
1161 3969 1253 4042 posita
1273 3968 1360 4025 fuisse

261 4051 354 4107 sidera
377 4052 515 4108 universa.
558 4054 598 4109 At
619 4071 688 4110 vero
711 4052 766 4108 hoo
787 4059 817 4108 et
837 4049 1016 4126 peregrinum
1041 4057 1071 4106 et
1092 4048 1246 4113 insolitum,
1267 4067 1359 4122 neque

261 4129 336 4186 idem
350 4147 386 4186 ex
401 4131 496 4187 multis
510 4140 540 4187 et
552 4132 675 4206 cognitis
689 4151 785 4195 nuum,
801 4132 850 4188 sed
869 4149 974 4186 novum
996 4130 1090 4203 potius
1108 4129 1249 4204 quoddam
1267 4145 1359 4202 neque

261 4215 344 4262 antea
365 4209 454 4263 visum
479 4208 566 4272 sidus,
590 4210 664 4282 quod
684 4211 749 4266 vitae
773 4211 917 4266 hominum
943 4209 1045 4274 illuxit,
1068 4209 1190 4266 recentis
1211 4209 1358 4282 cujusdem

260 4285 405 4341 luminaris
426 4286 548 4358 signum,
566 4289 641 4360 quod
667 4289 828 4345 universum
852 4289 988 4345 mundum
1014 4289 1176 4354 illustraret,
1194 4287 1356 4344 indicabat:
