3144 4720
256 257 321 318 804
701 249 888 314 EUSEBII
1333 266 1367 328 p.
1377 259 1500 324 403-
1567 269 1568 292 ι

257 412 467 515 ἐρημώσεως
489 415 546 493 ε’πὶ
571 410 612 492 τὸ
638 411 730 514 ἱερὸν
754 411 854 508 ἔστη,
872 409 893 489 ir
911 411 970 488 καὶ
989 415 1036 492 είς
1057 413 1159 509 δεῦρο
1177 408 1354 505 διέμεινεν,

203 567 246 617 ¹²5
257 540 429 642 ὁσημέραι
447 541 504 619 ε’πί
522 539 564 619 τὸ
583 547 702 643 χεῖρον
718 539 861 640 ἐρημίας
881 539 1040 616 ε’λαῦνον.
1084 533 1208 618 Ἐἰκὸς
1234 533 1271 614 δὲ
1296 539 1379 613 nais

255 667 435 745 ἐπιτείνειν
453 665 540 744 αὐτὸ
558 667 664 769 μέχρι
682 669 746 762 τῆς
764 673 828 743 τοῦ
846 663 928 758 βίου
945 664 1164 758 συντελείας,
1182 660 1273 740 κατὰ
1291 659 1356 740 τὸν

255 788 324 870 r‘nrir
353 795 416 889 τῆς
440 792 659 897 προφητείας
687 789 942 894 ἀποφανθέντα
969 786 1063 891 ὅρον,
1084 785 1266 894 φήσαντα,
1293 794 1354 867 nai

256 916 315 1001 ἕως
329 921 519 1002 συντελείας
537 919 647 1023 καιροῦ
665 917 840 996 συντέλεια
858 911 1025 1008 δοθήσεται
1045 916 1101 994 ἐπὶ
1120 910 1173 1006 τήν
1189 915 1353 1018 ἐρήμωσιν.

202 1041 405 1122 ιοοἯντινα
432 1039 558 1147 φωνὴν
586 1043 606 1120 ὁ
635 1041 762 1144 Σωτὴρ
790 1047 849 1121 καὶ
881 1042 1012 1143 Κύριος
1039 1041 1140 1139 ἡμῶν
1164 1041 1306 1138 Ἰησοῦς
1333 1040 1401 1150 dio

254 1316 382 1398 λυγμοο
407 1294 463 1387 rire
489 1296 677 1403 ἐρημώσεως
702 1297 737 1375 ri
765 1294 845 1400 palli
871 1291 929 1375 διοὶ
955 1292 1085 1386 danaim
1109 1295 1164 1372 rod
1188 1293 1357 1400 προφήτου

254 1418 359 1506 iareim
379 1423 408 1500 ίν
425 1423 520 1528 τίπῳ
538 1423 640 1525 ἁγίῳ,
655 1423 725 1501 τίτε
743 1422 922 1523 γινώσκετε
941 1423 988 1500 iim
1007 1419 1177 1521 ήγγικενή
1196 1419 1357 1524 ἐρήμωσις

202 1547 368 1639 irretiris.
428 1553 473 1626 Ei
491 1544 529 1626 di
546 1547 755 1629 δυσπίστως
772 1547 862 1648 πρὸς
881 1555 993 1625 ταῦτα
1011 1545 1124 1649 ἔχοιεν
1142 1549 1175 1623 oi
1193 1546 1232 1624 ἐκ
1249 1577 1380 1646 περι-5

255 1677 376 1772 τομῆς,
403 1673 606 1774 οἐλεγκτέον
638 1671 766 1756 αι’ττούς
792 1671 842 1772 μὴ
870 1671 980 1770 μόνον
1010 1675 1159 1755 ἀναιδῶς
1190 1668 1281 1772 πρὸς
1307 1669 1355 1748 τὰ

255 1801 374 1898 ἀληθῆ
393 1801 451 1877 καὶ
469 1801 599 1901 ἐναργῆ
623 1798 844 1897 ἱσταμένους,
863 1797 962 1878 ἀλλὰ
981 1803 1039 1877 καί
1057 1795 1122 1881 τὰς
1138 1795 1355 1900 προρρήσεις

255 1927 304 2006 ὡς
327 1929 479 2028 ψευδεῖς,
498 1921 540 2003 τὸ
568 1924 658 2003 ὅσον
684 1927 736 2004 ἐπ’
757 1925 885 2022 αι’ττοῖς,
917 1922 1191 2019 διαβάλλοντας,
1217 1922 1287 2023 ε’ίγε
1317 1927 1355 2000 ai

253 2048 318 2148 piu
339 2055 387 2133 είς
409 2048 653 2150 ἑβδομήκοντα
677 2047 877 2148 ἑβδομάδας
904 2054 992 2131 ε’τῶν
1019 2048 1082 2130 τὸν
1105 2049 1224 2128 ποίντα
1247 2083 1349 2152 περι·
1364 2091 1394 2125 ιο

253 2176 409 2279 ορίζουσι
425 2175 565 2280 χρόνον,
583 2175 629 2255 τὰ
654 2179 692 2256 έν
710 2183 761 2284 τῷ
779 2177 915 2284 μεταξὺ
933 2174 1198 2276 συμβησόμενα
1224 2178 1351 2255 θεσπί-

252 2302 387 2404 ζουσαι,
420 2309 456 2381 ai
493 2303 531 2382 δὲ
568 2302 700 2408 σχεδὸν
732 2303 800 2404 ἤδη
833 2312 1023 2408 χιλιοστοῦ
1055 2302 1154 2385 ἔτους
1186 2301 1257 2383 ἀπὸ
1287 2305 1382 2399 viad

251 2430 470 2533 προφητείας
487 2433 546 2509 καὶ
572 2436 619 2513 είς
637 2431 729 2530 ἡμᾶς
747 2429 961 2513 ἐλαύνοντος
983 2429 1084 2509 οὐδὲν
1102 2435 1175 2509 τῶν
1193 2463 1352 2531 γεγραμ-

252 2552 366 2650 μένων
402 2553 550 2656 γεγονδς
588 2556 851 2654 ἐπιδείκνυνται,
889 2555 1002 2635 καίτοι
1040 2556 1352 2662 ἐξολοθρευθέντος

252 2683 369 2762 αὐτῶν
396 2691 460 2762 τοῦ
486 2686 696 2789 χρίσματος,
723 2681 814 2762 κατὰ
841 2681 907 2782 τὴν
935 2683 1033 2762 θείαν
1059 2681 1270 2786 πρόρρησιν,
1292 2684 1350 2760 καὶ

706 2827 854 2901 ‘erepton
869 2830 896 2883 S.

253 2957 338 3005 sunt:
372 2968 428 3022 quo
455 2967 523 3006 sane
545 2958 671 3024 tempore
700 2949 784 3006 etiam
814 2947 995 3006 desolationis
1023 2949 1097 3004 illius
1125 2946 1296 3026 abominatio
1321 2947 1349 3002 in

252 3028 360 3100 templo
384 3030 511 3085 constitit
535 3049 597 3103 quae
617 3029 729 3103 quidem
751 3030 787 3086 ad
809 3030 994 3102 hunnosque
1016 3029 1091 3086 diem
1115 3027 1270 3102 permansit
1292 3026 1349 3083 sin-

252 3107 328 3182 gulis
351 3107 449 3165 diebus
470 3109 499 3165 in
524 3109 692 3166 deteriorem
717 3110 897 3166 solitudinem
920 3127 1064 3166 corruens.
1107 3108 1161 3165 Par
1184 3117 1278 3165 autern
1306 3116 1350 3164 est

252 3206 314 3244 eam
329 3188 427 3245 itidem
441 3207 529 3263 usque
544 3189 658 3246 advitae
679 3191 950 3246 consummationem
972 3190 1143 3253 duraturam,
1155 3189 1239 3263 juxta
1252 3188 1350 3244 termi-

252 3287 320 3325 num
336 3288 418 3343 qoem
434 3271 583 3344 prophetia
598 3271 770 3328 indicaverat
791 3271 845 3327 illis
859 3271 962 3334 verbis,
978 3277 1005 3326 et
1023 3287 1109 3343 usque
1127 3271 1165 3325 ad
1183 3286 1349 3326 mnsumma·

253 3349 351 3406 tionem
365 3351 494 3426 temporis
508 3355 699 3408 consummatio
713 3351 824 3408 dabitur
838 3353 865 3407 in
880 3351 1060 3417 solitudinem,
1075 3369 1159 3424 quam
1172 3367 1272 3405 uocem
1287 3347 1350 3404 Sal.

252 3439 334 3488 rator
347 3450 380 3488 ac
394 3431 534 3488 Dominus
548 3439 646 3488 noster
658 3433 742 3490 Jesus
758 3431 889 3488 Christos
904 3431 982 3505 quasi
997 3431 1079 3504 signo
1094 3431 1232 3503 impresso
1246 3429 1348 3484 confir-

253 3513 341 3568 mavit
360 3513 466 3580 dicens,
485 3515 574 3577 Quum
596 3521 685 3569 autem
706 3513 827 3568 videritis
848 3512 1072 3569 abominationem
1093 3511 1352 3582 &solutionisque

161 3623 166 3638 ·
204 3626 210 3645 .
252 3595 325 3649 dictu
340 3602 380 3649 ert
396 3613 447 3668 per
463 3595 606 3650 Danielem
619 3592 784 3668 proplietam
801 3599 916 3647 stantem
931 3594 959 3647 in
975 3592 1033 3647 loco
1053 3598 1156 3657 sancto,
1172 3597 1237 3645 tunc
1255 3591 1352 3644 scitote

252 3676 322 3746 quod
341 3676 567 3749 appropinquavit
589 3675 720 3729 desolatio
740 3674 805 3741 ejus.
848 3671 934 3739 Quod
955 3671 978 3726 si
992 3670 1084 3728 ludaei
1105 3688 1162 3726 non
1184 3668 1298 3725 credere
1319 3687 1351 3724 se

251 3752 306 3810 iata
327 3754 526 3828 respondeant,
548 3753 685 3827 arguendi
708 3759 774 3807 sont
795 3760 930 3824 tanquam
951 3751 971 3806 ii
996 3750 1042 3824 qui
1067 3769 1124 3806 non
1146 3749 1237 3805 solum
1259 3748 1349 3822 impu·

251 3833 351 3890 denter
371 3835 455 3890 rebus
469 3835 542 3890 veris
563 3852 596 3890 ac
617 3831 772 3888 manifestis
793 3839 961 3906 repugnent,
977 3832 1027 3888 sed
1048 3832 1133 3886 etiam
1147 3828 1281 3886 vaticinia
1300 3847 1351 3884 sua

251 3920 283 3969 ut
303 3913 382 3980 falsa,
405 3922 540 3988 quantum
563 3915 591 3970 in
611 3913 681 3986 ipsis
698 3921 751 3976 est,
768 3911 981 3974 calumnientur,
997 3911 1020 3967 si
1042 3911 1089 3967 illa
1110 3910 1223 3984 quidem
1241 3910 1270 3965 in
1292 3927 1350 3964 axx

251 4010 389 4048 annorum
411 3995 602 4050 hebdomadas
622 3992 782 4048 universum
797 3999 909 4065 tempos
925 3990 1081 4058 includunt,
1097 3991 1164 4046 dum
1179 4009 1242 4063 quas
1263 3989 1349 4044 inter·

250 4071 345 4127 medio
359 4077 487 4146 tempore
502 4083 637 4131 eventura
658 4081 725 4129 sunt
745 4072 882 4137 divinant,
897 4071 950 4146 ipsi
965 4090 1032 4130 vero
1053 4090 1139 4146 quum
1157 4071 1218 4144 jam
1236 4069 1271 4125 ab
1290 4069 1351 4142 ipsa

249 4149 399 4225 prophetia
413 4171 500 4224 usque
521 4154 557 4209 ad
578 4172 630 4209 nos
651 4171 739 4226 prope
756 4153 921 4208 millesimus
935 4161 1038 4226 agatur
1051 4169 1142 4209 annus
1162 4150 1232 4206 nihil
1251 4167 1351 4206 eorum

250 4247 312 4300 quae
328 4229 432 4300 scripta
451 4239 516 4284 sunt
530 4231 634 4286 factum
657 4249 719 4287 esse
740 4233 945 4295 demonstrant,
961 4233 1075 4289 tametsi
1096 4233 1222 4306 ipsorum
1243 4229 1349 4292 unctio,

250 4315 281 4360 ut
301 4306 425 4362 divinum
448 4308 615 4378 praedixerat
636 4311 790 4374 oraculum,
812 4311 905 4366 deleta
926 4319 978 4378 est,
995 4321 1023 4368 et
1045 4321 1173 4368 sanctum
1194 4308 1350 4366 eorundem
