3142 4720
256 242 322 304 seo
703 243 889 309 nusnnu
1335 242 1501 327 pass-

257 409 439 489 κατέναντι
455 410 697 512 Ἰερουσαλὴμ
718 411 1007 514 προσκυνήσεως,
1026 411 1111 492 ἔνθα
1128 412 1151 510 ἡ
1169 409 1262 517 δόξα
1281 416 1377 498 llo-s

256 535 335 637 ρίου
352 534 505 635 μετέστη
523 538 781 644 καταλείψασα
797 536 863 636 τὴν
877 538 1053 640 προτέραν
1068 535 1188 618 πόλιν.
1214 537 1356 636 Ἔστη-

257 693 330 739 σαν
362 660 400 740 δέ
436 664 580 760 ἀληθῶς
612 667 671 742 καὶ
703 663 793 743 κατὰ
827 664 893 762 τὴν
924 663 1114 768 πρόχειρον
1151 667 1210 743 καὶ
1245 663 1355 766 ῥητὴν

257 786 424 888 διήγησιν
443 793 474 867 ui
493 787 600 871 πόδες
617 798 681 869 τοῦ
702 789 837 891 Κυρίου
856 792 914 870 καὶ
934 794 1102 892 Σωτῆρος
1119 789 1229 888 ἡμῶν,
1249 791 1357 869 αὐτοῦ

257 912 301 1012 δὴ
320 922 383 993 τοῦ
402 920 520 994 1’Θεοῦ
540 912 672 1016 Λόγου,
692 917 734 993 δι’
754 915 796 993 οδ
818 915 1009 1020 ἀνείληφεν
1027 916 1247 1016 ἀνθρωπείου
1265 913 1355 1012 σκή-

258 1073 339 1123 νους
356 1043 413 1120 ἐπὶ
437 1049 500 1121 τοῦ
525 1039 628 1142 ὅρους
646 1046 719 1118 τῶν
744 1043 873 1120 ἐλαιῶν
894 1038 986 1142 πρὸς
1004 1046 1055 1145 τῷ
1080 1040 1203 1119 αι’ντόθι
1222 1043 1355 1119 δεικνυ-
1366 1075 1396 1108 10

257 1163 352 1272 μένῳ
378 1165 559 1272 σπηλαίῳ,
577 1163 768 1271 εὐξαμένου
793 1199 832 1245 τε
857 1169 916 1245 καὶ
940 1171 1014 1247 τοῖς
1035 1167 1159 1244 ἑαυτοῦ
1180 1169 1355 1262 μαθηταῖς

257 1295 313 1370 ἐπὶ
337 1296 401 1391 τῆς
427 1292 618 1395 ἀκρωρείας
641 1300 705 1371 τοῦ
730 1298 802 1371 τῶν
828 1293 958 1370 ἐλαιῶν
985 1290 1088 1394 ὅρους
1112 1288 1159 1369 τὰ
1185 1293 1354 1390 περὶτῆς

257 1419 464 1502 συντελείας
493 1417 673 1518 μυστήρια
702 1413 1002 1517 παραδεδωκότος,
1030 1415 1187 1495 ἐντεῦθέν
1216 1449 1254 1494 τε
1287 1414 1353 1514 τὴν

256 1550 304 1628 εἰς
322 1543 491 1648 οὐρανοὺς
513 1545 642 1623 ἄνοδον
662 1543 908 1640 πεποιημένου,
927 1546 976 1626 ῶς
1002 1544 1022 1620 ό
1048 1547 1189 1626 Λουκᾶς
1214 1546 1252 1621 ἐν
1274 1549 1351 1625 ταῖς
1363 1582 1392 1630 15

257 1669 425 1777 Πρόξεσι
449 1677 520 1751 τῶν
545 1667 763 1750 ἀποστόλων
791 1665 949 1748 διδάσκει
976 1665 1131 1773 φάσκων
1148 1665 1223 1746 δὸτι
1245 1665 1289 1766 δὴ
1313 1669 1472 1768 ἐνρ.α89

256 1800 308 1900 τῷ
324 1803 397 1874 τῶν
410 1797 540 1874 ἐλαιῶν
557 1794 628 1897 ὄρει
646 1792 910 1896 συμπαρόντων
929 1795 1025 1900 αι’ντῲ
1037 1800 1110 1872 τῶν
1124 1792 1352 1894 ἀποστόλων,

256 1923 449 2013 βλεπόντων
474 1920 579 2001 αὐτῶν
603 1919 728 2028 ἐπήρθη,
751 1928 810 2001 καὶ
836 1920 956 2024 νεφέλη
975 1921 1149 2012 ὑπέλαβεν
1167 1921 1262 1999 αὐτόν
1279 1919 1350 1998 ἐπὶ

216 2046 317 2127 τιτῶν
341 2045 527 2153 ὀφθαλμῶν
555 2046 672 2127 αὐτῶν.
734 2055 802 2126 Καὶ
832 2051 875 2131 ῶς
904 2047 1098 2154 ἀτενίζοντες
1121 2039 1203 2137 ἦσαν
1231 2053 1276 2130 εἰς
1300 2045 1351 2124 τὶν

255 2172 376 2279 οὐρανόν
403 2171 613 2280 πορευομένου
641 2176 751 2264 αὐτοῦ,
773 2180 833 2253 καὶ
864 2168 930 2252 idoli
952 2167 1063 2278 ἄνδρες
1088 2168 1143 2252 δίο
1167 2173 1348 2276 παρειστῆ-
1360 2213 1374 2264 ⁵

255 2335 371 2381 κειται
402 2305 513 2384 αὐτοῖς
545 2301 575 2379 ἐν
589 2297 762 2394 Ἰἐ’σθιὶιτεσι
788 2303 943 2387 λευκαῖς,
966 2299 993 2376 o'i
1017 2304 1076 2378 uel
1102 2296 1204 2388 εἷπον,
1217 2293 1351 2404 Ἀνδρεῖ

255 2432 451 2517 Γαλιλαῖοι,
481 2432 516 2504 τί
542 2427 706 2519 ἑστήκατε
727 2423 914 2517 βλέποντες
938 2431 984 2507 tic
1010 2424 1061 2504 riv
1089 2425 1234 2530 οὐρανόν,
1265 2421 1353 2508 οὗτος

255 2564 269 2633 i
298 2556 419 2646 Ἰησοῦς
451 2561 465 2634 ό
494 2550 698 2657 ἀναληφθεὶς
726 2558 793 2658 αφ’.
813 2549 901 2656 ὑμῶν
931 2559 976 2634 εἰς
1008 2552 1060 2631 τὶν
1091 2553 1223 2658 οὐρανόν,
1255 2555 1352 2635 οὕτως

255 2674 438 2765 ἐλεόσεται,
466 2677 497 2756 δν
524 2677 635 2782 τρόπον
665 2673 844 2756 ἐθεάσασθε
872 2677 969 2755 αὐτόν
997 2680 1199 2784 πορευόμενον
1228 2685 1273 2760 εἰς
1301 2677 1354 2756 τόν

214 2837 244 2890 ις
256 2805 388 2908 οὐρανόν.
448 2801 517 2886 Οἷς
542 2803 698 2908 ἐπιφέρει
723 2803 851 2903 λέγων,
870 2803 949 2881 Τότε
975 2799 1197 2908 ὑπέστρεψαν
1226 2811 1270 2887 είς
1289 2800 1351 2882 Ἰε-
1363 2846 1394 2881 ιο

254 3009 352 3066 ΡΘεοῦ
366 3006 427 3062 add.
442 3005 473 3060 P.
555 3003 823 3062 θὸτι-ἀποστόλων
836 3006 898 3062 add.
914 3005 944 3060 P.
1027 3007 1162 3081 ῐέσθῆσι]
1177 3008 1305 3078 ἐσθήσεσι
1319 3009 1350 3064 P.

253 3175 351 3241 selem,
365 3175 493 3240 adorent,
508 3174 555 3231 ubi
576 3175 669 3249 gloria
685 3176 800 3232 Domini
817 3184 991 3232 commutata
1011 3183 1054 3232 est
1075 3183 1224 3250 postquam
1246 3175 1350 3232 delevit

252 3255 374 3331 priorem
397 3253 550 3312 civitatem.
593 3255 668 3312 Vere
692 3266 786 3313 autem
808 3265 837 3314 et
856 3257 1010 3313 secundum
1030 3255 1188 3331 expositam
1209 3264 1293 3331 atque
1314 3257 1349 3313 ad

253 3335 371 3394 verbum
391 3344 535 3410 acceptam
558 3336 765 3394 enarrationem
784 3337 871 3410 pedes
889 3336 1006 3393 Domini
1024 3345 1054 3393 et
1071 3335 1228 3393 Salvaturis
1249 3337 1349 3402 nostri,

252 3415 340 3494 ipsius
354 3416 450 3491 utique
465 3415 522 3473 Dei
536 3415 633 3482 Verbi,
648 3435 699 3491 per
712 3418 741 3474 id
756 3417 832 3491 qnod
851 3417 1004 3490 assumpsit
1024 3417 1180 3473 humanum
1201 3435 1304 3492 corpus
1320 3417 1349 3473 in

252 3507 350 3559 monte
363 3497 500 3556 olivarum
515 3505 655 3554 steterunt
667 3497 704 3554 ed
718 3498 880 3572 speluncam
895 3497 1010 3571 quesibi
1025 3497 1135 3554 ostendi
1152 3497 1235 3561 solet,
1250 3506 1281 3555 et
1294 3517 1349 3571 quo

252 3589 379 3654 tempore
402 3578 500 3644 oravit,
520 3587 550 3635 et
574 3597 661 3653 quum
687 3577 744 3634 suis
769 3577 913 3652 discipulis
934 3576 964 3632 in
988 3578 1050 3652 ejus
1074 3578 1179 3634 montis
1204 3579 1350 3634 cacumine

252 3659 386 3735 mysteria
400 3659 436 3716 de
452 3659 695 3716 consummatione
709 3658 843 3716 tradidit:
865 3677 901 3715 ex
922 3657 1025 3714 eodem
1045 3666 1182 3732 preterea
1201 3666 1299 3715 monte
1319 3658 1349 3714 in

252 3740 354 3798 coelum
375 3739 511 3806 escendit,
527 3738 764 3814 quemadmodum
779 3738 873 3795 Lucas
894 3739 923 3794 in
937 3739 1018 3795 Actis
1032 3739 1235 3813 Apostolorum
1256 3739 1348 3804 dccet,

253 3839 338 3895 quum
354 3819 402 3882 ait.
417 3819 496 3876 illum
517 3820 547 3876 ln
566 3828 664 3876 monte
686 3819 821 3875 olivarum
841 3819 976 3893 apostolis
993 3817 1051 3875 suis
1070 3827 1099 3876 et
1115 3819 1301 3893 presentibus
1320 3827 1349 3875 et

252 3899 428 3964 intuentibus,
442 3901 580 3956 sublimem
595 3899 698 3964 abiisse,
713 3899 834 3973 nubeque
847 3900 881 3956 αδ
895 3901 982 3957 oculis
995 3917 1088 3956 eorum
1101 3899 1238 3956 euolutam
1248 3897 1347 3973 fuisse,

251 3983 374 4054 ipsosque
397 3981 506 4036 intentis
529 3983 622 4045 oculis,
649 3981 699 4036 illo
723 3979 750 4035 ιἰι
774 3980 866 4037 coelum
894 3980 1014 4044 abeunte,
1038 3981 1176 4035 mansum.
1221 3981 1258 4036 Et
1279 3998 1347 4044 ecce,

253 4063 348 4135 inquit,
368 4060 422 4114 duo
443 4061 496 4114 oiri
516 4063 678 4118 adstiterunt
698 4063 735 4117 eia
755 4060 784 4115 in
805 4059 1017 4125 aestimandis,
1040 4063 1086 4133 qui
1106 4062 1187 4115 etium
1209 4062 1347 4122 θὶαενιιοε,

256 4140 315 4194 Viri
332 4139 453 4200 Galilaei,
469 4142 534 4209 quid
546 4144 625 4195 atatis
639 4141 839 4214 aspicientum
853 4140 973 4195 caum?
987 4139 1031 4195 bic
1042 4140 1124 4196 ‚Iesus
1137 4142 1184 4213 qui
1198 4146 1349 4212 assumptus

252 4226 290 4272 eat
303 4236 322 4272 α
335 4216 410 4271 uobis
422 4219 450 4270 ia
465 4217 566 4281 αυὶαοι,
581 4219 619 4272 sic
638 4223 734 4284 οεαὶει,
750 4220 972 4291 quenmdmodum
993 4220 1097 4276 uidistis
1116 4237 1176 4276 ειιινι
1196 4227 1301 4276 euntem
1321 4221 1348 4274 ia

252 4296 352 4352 culum.
395 4295 506 4363 Quibus
520 4294 606 4350 etiem
620 4297 750 4368 adjungit
764 4298 849 4353 verba
870 4297 940 4361 baec,
958 4298 1032 4354 Τυιιι
1046 4301 1145 4354 reuersi
1159 4307 1222 4355 sunt
1236 4302 1264 4355 in
1279 4297 1348 4355 Hie·
