3132 4714
57 247 193 327 -με,
454 247 681 315 Donousa.
705 209 873 313 avano.
897 249 974 313 vn.
988 269 1015 311 1.
1240 247 1304 317 629

204 445 314 510 οντες,
343 418 412 492 ὠσὶ
439 418 593 499 διανοίας
626 418 689 494 οὐκ
722 416 923 495 ἀκούουσιν.
983 419 1061 513 Τῆς
1089 448 1126 493 τε
1159 417 1303 516 ἀγνοίας

204 540 323 618 αὐτῶν
340 539 451 620 σίτων
469 541 569 621 οὐδὲν
587 543 705 644 ἕτερον
725 541 746 640 ἢ
765 544 915 621 ἀπιστία
933 540 1110 644 τυγχάνει,
1122 543 1180 620 καὶ
1197 549 1332 620 τοῦτοά

203 669 268 762 τῆς
291 666 524 770 προρρήσεως
548 671 714 773 ἀφευδῶς
738 671 818 769 περὶ
845 670 1037 747 αὐτῶνκαὶ
1064 665 1153 770 πρὸς
1176 665 1303 749 αι’ποίις

203 793 491 896 ἀποφηναμένης.
549 793 630 872 Ἐἰιν
646 793 725 901 γόιρ,
747 797 851 898 φησὶ,
870 792 917 898 μή
942 793 1146 889 πιστεύσητε,
1168 788 1238 872 olli
1256 791 1302 887 μή

164 953 195 1000 30
204 916 327 1008 συνῆτε.
375 921 483 997 Ἀλλ’
503 925 532 998 εί
552 926 656 1025 φαῖεν
673 921 723 1019 μή
742 922 927 1022 παρθένον,
947 916 1139 997 ”varimadi
1157 915 1325 1016 ὄνομά-5

203 1047 292 1120 σθαι
325 1047 361 1122 ἐν
393 1051 602 1149 τῇγραφῇ,
634 1047 760 1144 (οὕτως
786 1042 859 1148 γοίρ
887 1051 982 1148 φασι
1010 1044 1185 1147 φέρεσθαι
1216 1046 1299 1146 παρ’

205 1171 349 1276 αὐτοῖο)
380 1173 438 1248 καὶ
463 1177 567 1250 ποῖον
591 1169 635 1249 ἂν
661 1169 806 1272 γε’νοιτο,
825 1170 1001 1275 φήσομεν,
1019 1176 1168 1267 σημεῖον
1191 1172 1301 1271 ε’παγ-

204 1295 328 1393 γελίας
346 1299 442 1373 Θεοῦ
469 1295 581 1400 ἄξιον,
610 1301 638 1374 εἰ
667 1294 831 1393 συνήθως
859 1295 987 1372 τίκτειν
1015 1291 1072 1372 οἷα
1099 1296 1156 1370 καὶ
1184 1300 1302 1372 πᾶσαι

202 1425 364 1516 γυναῖκες
390 1419 435 1524 ἐξ
460 1421 600 1517 ὁμιλίας
624 1418 752 1521 ἀνδρὸς
777 1423 815 1498 ἐν
836 1422 969 1521 γαστρὶ
993 1426 1163 1513 λαβοῦσα
1191 1420 1341 1501 νεᾶνίςιο

202 1575 255 1624 τις
276 1543 430 1640 ε”μελλε;
461 1551 539 1626 πῶς
562 1544 600 1623 δὲ
623 1549 680 1622 καὶ
699 1541 791 1626 Θεὸς
815 1541 860 1642 ἦν
883 1545 903 1621 ὁ
928 1541 973 1646 ἐξ
994 1543 1102 1640 αὐτῆς
1124 1542 1298 1643 γεννώμε-

202 1701 287 1764 νος,
320 1673 378 1747 καὶ
406 1672 472 1773 οὐχ
499 1671 626 1753 ἁπλῶς
650 1669 752 1764 Θεὸς,
781 1672 865 1748 ἀλλ’
895 1679 910 1749 ὁ
939 1668 1013 1772 μεθ’
1036 1669 1145 1772 0ήμίῖν
1157 1708 1165 1762 3
1196 1676 1301 1747 τοῦτο

201 1793 272 1895 γὰρ
290 1797 475 1894 σημαίνειν
493 1796 663 1889 βούλεται
684 1794 726 1874 τὸ
744 1794 988 1895 Ἐμμανουήλ,
1008 1794 1095 1897 ὅπερ
1114 1798 1208 1900 φησὶ
1227 1799 1300 1876 δεῖν

202 1918 383 2022 ὀνομάζειν
400 1923 464 1999 τὸν
481 1920 712 2021 γεννώμενον.
758 1917 841 2000 'idcir
859 1919 927 2028 γίιρ
948 1926 964 2014 ἡ
983 1919 1152 2027 παρθένος,
1173 1925 1297 2027 φησὶν,

201 2047 231 2123 ἐν
258 2055 382 2152 γαστρὶ
412 2043 580 2152 λήφετιιι,
613 2054 672 2127 καὶ
706 2043 834 2152 τεξετιιι
869 2046 941 2134 viia,
974 2055 1033 2125 καὶ
1070 2046 1229 2132 καλέσεις
1262 2051 1415 2140 rip-3¹6

201 2172 305 2273 ὄνομα
337 2175 438 2251 αὑτοῦ
466 2171 695 2276 Ἐμμανουήλ,
729 2174 746 2251 ’ί
780 2175 849 2251 ἐστι
880 2171 1190 2275 μεθερμηνεοίμενιν,
1223 2171 1297 2274 μεθ’

155 2329 188 2374 a*
200 2296 289 2399 ήμῶν
308 2307 321 2376 ὁ
342 2301 439 2383 Θείς.
496 2303 628 2381 ι’Ποῖος
651 2298 688 2376 δὲ
713 2302 770 2376 καὶ
793 2296 891 2399 ἀγὼν
909 2302 1002 2402 Θεῷ,
1022 2295 1045 2396 ἢ
1063 2303 1165 2380 ποῖος
1183 2297 1227 2376 ἂν
1247 2299 1298 2396 εἴη

198 2420 309 2504 κόπος
334 2424 391 2500 καὶ
416 2421 550 2526 μόχθος
574 2425 632 2502 ἐπὶ
656 2423 802 2522 συνήθει
826 2419 948 2529 τρόπῳ
971 2419 1136 2523 γυναικὸς
1154 2423 1320 2507 ποσοί-ε

197 2579 269 2644 σης
284 2579 295 2642 3
326 2553 393 2626 Ἐν
403 2546 469 2641 μὲν
485 2546 556 2650 γὰρ
569 2556 643 2630 τοῖς
660 2549 839 2649 ἡμετέροις
854 2545 1083 2653 ἀντιγράφοις
1099 2549 1158 2652 ὑφ’
1176 2551 1298 2641 ‘liddo-

195 2668 356 2768 μήκοντα
388 2673 537 2774 ἀνδρῶν,
565 2673 701 2752 ἄνωθεν
732 2671 797 2770 μὲν
819 2672 1000 2774 Ἑβραίων
1035 2669 1076 2748 τὸ
1110 2672 1211 2771 γε’νος
1243 2673 1295 2750 ἐπ’

238 2857 358 2924 aaran
373 2859 404 2910 υ.
488 2817 741 2926 οῆμιιοοιυυ.
758 2857 876 2911 rums
954 2851 1037 2912 ναις
1052 2856 1112 2910 rs
1189 2856 1295 2920 oran.

194 2935 322 3008 μήκοντα]
338 2936 407 2991 ὅλον
422 2937 484 2992 RS.
512 2939 527 2990 d
540 2939 588 3006 μὲν
602 2936 673 2993 ὄντες
687 2939 717 2992 τὸ
730 2937 831 3006 πλῆθος
845 2937 902 2991 Ecl.
918 2955 945 3008 p.
960 2949 1026 3009 177,
1040 2951 1085 3006 17,

195 3082 352 3145 audientes,
367 3081 481 3138 nuribus
494 3081 689 3156 intelligentiae
704 3101 761 3138 nou
781 3081 905 3138 audiunt.
948 3083 1041 3158 Atque
1063 3083 1186 3157 ipsorum
1208 3082 1292 3156 igno·

195 3161 294 3218 tantiae
309 3161 363 3218 alia
377 3162 453 3218 nulla
466 3169 511 3218 est
521 3179 606 3218 causa
619 3181 704 3235 quam
714 3161 903 3227 incredulitas,
915 3181 1000 3237 quum
1015 3163 1108 3237 iprum
1122 3162 1177 3218 hoc
1188 3163 1294 3236 absque

196 3241 344 3299 mendacio
358 3249 388 3299 et
402 3242 437 3298 de
457 3241 525 3316 ipsis
546 3249 576 3298 et
594 3242 631 3298 ad
652 3242 728 3316 ipsos
742 3241 906 3299 vaticinium
926 3243 1009 3316 plane
1030 3243 1238 3300 enuntiaverit:
1262 3244 1294 3299 Si

194 3325 265 3378 enim
278 3341 331 3378 παπ
346 3321 519 3386 credideritis,
534 3322 635 3395 inquit,
650 3341 684 3379 ne
698 3322 851 3394 intelligetis
864 3324 976 3398 quidem.
1019 3323 1103 3390 Quod
1125 3323 1149 3378 si
1170 3323 1294 3379 dixerint

194 3421 254 3458 non
276 3402 424 3478 virginem,
446 3401 497 3459 aed
516 3403 638 3477 puellam
663 3403 736 3476 apud
759 3403 926 3477 scripturam
949 3403 1123 3458 nominatam
1146 3421 1217 3465 esse,
1239 3402 1293 3472 (sic

194 3483 270 3538 enim
286 3483 365 3539 aiunt
378 3482 452 3556 apud
466 3482 542 3557 ipsos
556 3482 677 3551 haberi)
690 3483 849 3557 cujusmodi
857 3481 970 3538 tandem
981 3482 1095 3556 signum
1104 3481 1158 3536 hoc
1166 3481 1292 3536 futurum

194 3562 330 3628 dicemus,
352 3562 429 3636 quod
450 3563 544 3620 divina
568 3562 754 3637 promissione
778 3563 815 3619 sit
831 3561 959 3637 dignum,
979 3561 1002 3617 si
1024 3561 1137 3624 usitate,
1158 3560 1291 3634 quemad-

193 3641 311 3698 modum
332 3650 441 3699 caeterae
461 3661 562 3700 omnes
579 3642 711 3699 mulieres
728 3643 774 3699 ubi
796 3661 832 3699 ex
850 3641 903 3698 riri
923 3639 1131 3715 conjunctione]
1141 3658 1293 3714 praegnans

193 3723 326 3787 evaserit,
341 3723 434 3796 puella
448 3723 586 3797 quaepiam
600 3723 654 3780 snit
667 3721 813 3796 paritura?
834 3722 977 3796 quomodo
990 3728 1126 3796 practerea
1142 3719 1219 3777 Deus
1239 3719 1294 3776 erit

193 3802 299 3876 quiex
322 3803 370 3859 illa
393 3813 533 3868 nascatur,
551 3821 642 3876 neque
665 3802 829 3876 simpliciter
848 3803 937 3865 Deus.
960 3800 1010 3858 sed
1029 3800 1165 3857 nodorum
1186 3799 1294 3856 Deua?

193 3882 250 3938 hoc
269 3882 346 3939 enim
367 3883 508 3958 significat
523 3902 578 3940 vox
592 3883 769 3947 Emmanuel,
785 3902 841 3957 qno
862 3882 975 3939 nomine
997 3882 1036 3938 uit
1055 3899 1117 3937 esse
1133 3880 1293 3937 vocandum

193 3961 272 4018 illum
288 3963 334 4036 qui
349 3972 498 4021 nascetur:
522 3963 596 4021 Εοοι
609 3967 686 4026 enim,
701 3963 801 4037 inquit,
817 3966 894 4036 virgo
908 3963 936 4018 in
952 3972 1029 4018 utero
1044 3964 1142 4038 cupiet,
1158 3969 1185 4019 et
1203 3965 1294 4034 portet

187 4043 292 4116 filium,
305 4051 332 4100 et
344 4044 451 4101 νοοοίνίι
463 4063 560 4100 nomen
574 4041 638 4115 ejus,
648 4043 826 4106 Ernrnumrel,
838 4044 910 4117 quod
923 4043 1006 4105 est‚ci
1020 4043 1079 4115 quir
1088 4043 1291 4114 interpretetur,

194 4123 329 4179 noluerim
344 4125 430 4181 Deus.
473 4123 641 4196 Cujusmodi
661 4131 756 4180 autem
777 4131 921 4179 certamen
943 4121 1016 4186 Deo,
1031 4129 1080 4177 aut
1094 4121 1156 4195 quis
1176 4121 1292 4177 tandem

193 4202 283 4267 labor,
298 4222 396 4276 quaeve
410 4203 559 4260 difficultas
573 4203 694 4277 objecta,
709 4204 733 4258 si
752 4203 787 4259 de
808 4220 887 4258 more
907 4201 1032 4275 paritura
1045 4201 1098 4258 suit
1112 4200 1234 4256 mulier?
1258 4195 1292 4254 Iu

194 4283 299 4338 nostris
322 4283 398 4340 enim
424 4283 641 4357 exemplaribus,
663 4302 725 4358 quae
750 4281 908 4356 quicunque
931 4279 1107 4354 interpretati
1129 4287 1204 4342 sunt,
1225 4279 1244 4333 ii
1264 4285 1293 4333 et
