3130 4722
263 260 327 332 σοι
729 260 914 326 nosnnn
1339 257 1499 343 p.346-

263 425 407 521 Χριστῷ
432 446 504 506 μου·
529 424 605 500 τοῦς
630 425 766 521 ε’χθροῦς
791 427 891 495 αὐτοῦ
917 421 1034 494 ἐνδύσω
1059 422 1223 517 αἰσχύνην,
1246 419 1300 490 ἐπί
1326 417 1361 490 δὲ

263 538 361 612 αύτδν
377 538 545 634 ἐξανθήσει
563 537 606 613 τῦ
623 538 778 632 ἆγίασμιί
795 570 868 622 μου.

225 707 253 753 3¹
320 666 470 775 Συνᾴδει
486 676 532 774 τῇ
549 669 621 772 πρὸ
638 668 770 767 ταύτης
788 669 887 767 καὶὴ
905 675 1075 770 παροῦσα
1092 665 1302 770 προφητεία,
1320 666 1360 743 ἐκ
1372 698 1402 732 10

266 795 430 894 Βηθλεὲμ
448 796 511 876 τὸν
528 795 859 899 προκηρυττὸμενον
878 792 972 873 Θεὸν
987 791 1273 896 προελεύσεσθαι
1290 825 1359 890 ση-

263 923 452 1020 μαίνουσα.
500 927 620 1002 Τοῦτο
646 921 683 1000 δὲ
708 921 771 1000 οῦν
798 919 884 999 αὐτὸ
912 922 970 1022 καὶ
994 921 1014 998 ὁ
1038 921 1161 1012 Δαβὶδ
1186 915 1358 1020 πρότερον

263 1047 329 1145 μὲν
350 1051 490 1148 ἀγνοῶν
515 1049 652 1151 εὔχεται
675 1044 774 1149 παρὰ
797 1054 860 1124 τοῦ
879 1050 974 1124 Θεοῦ
995 1049 1131 1142 μαθεῖν,
1150 1040 1228 1121 teir·
1249 1041 1354 1149 εὐξά-

226 1205 254 1254 ιι
264 1206 368 1271 μενος
391 1171 603 1252 παιδεύεται.
656 1168 803 1270 Ἐπειδὴ
822 1169 895 1273 γὰρ
911 1170 1079 1275 τετύχηκε
1103 1178 1270 1274 χρησμοῦ
1296 1178 1359 1250 τοῦ
1368 1195 1400 1258 Ρ·
1409 1188 1475 1258 347

262 1297 353 1402 πρὸς
380 1296 487 1378 αὐτὸν
514 1301 552 1378 ἓν
576 1303 628 1405 ’τῷ
656 1302 802 1404 Ψαλμῷ
831 1295 1027 1403 φήσαντος,
1046 1303 1109 1376 Ἐκ
1144 1299 1274 1400 καρτοῦ
1302 1294 1360 1388 τήν

265 1429 400 1510 κοιλίας
423 1461 482 1504 σου
510 1423 651 1530 θήσομαι
678 1425 733 1503 r'rri
763 1427 813 1502 τδν
842 1422 936 1532 θρίνον
964 1460 1034 1514 σου,
1054 1425 1112 1502 καὶ
1139 1423 1250 1519 αὖθις,
1267 1427 1364 1502 Ἐκεῖ

263 1551 455 1658 ι’ξαιατελιῦ
480 1551 579 1655 κέρας
604 1560 650 1658 τῷ
674 1546 805 1647 Δαβίδ,
824 1555 994 1655 ἡτοίμασαν
1018 1548 1137 1647 λύχνον
1161 1557 1208 1656 τῷ
1231 1557 1382 1657 Χριστῷε

262 1714 338 1782 μου,
358 1675 500 1761 εἰκότως
526 1678 744 1778 προσπίπτει
771 1682 822 1784 τῷ
850 1681 944 1783 Θεῷ,
970 1679 1028 1756 καὶ
1054 1675 1277 1778 προσπεσὼν
1304 1675 1357 1756 ἐπ’

262 1801 415 1908 ἐδάφους
442 1809 637 1900 ποτνιᾶται,
660 1805 719 1883 ἐπὶ
746 1802 860 1883 πλέον
887 1802 924 1882 δὲ
951 1807 997 1908 τῇ
1023 1807 1209 1906 προσευχῇ
1236 1836 1354 1904 προσ-

263 1935 442 2032 καρτερῶν
469 1928 599 2024 ὅμνυσι
622 1934 673 2035 τῷ
698 1934 792 2035 Θεῷ,
811 1927 861 2027 μή
885 1927 1060 2031 πρότερον
1086 1927 1359 2009 εἰσελεύσεσθαι

263 2060 310 2140 είς
333 2053 506 2155 σκήνωμα
533 2055 630 2137 οίκου
656 2057 774 2151 αὑτοῦ,
792 2053 842 2152 μή
862 2054 900 2134 δὲ
917 2055 1047 2134 δώσειν
1063 2062 1137 2138 τοῖς
1155 2057 1358 2159 ὀφθαλμοῖς
1370 2101 1401 2136 ιο

262 2184 370 2262 αῦτυῦ
397 2184 518 2280 ὕπνον,
537 2185 595 2261 καὶ
622 2189 695 2264 τοῖς
719 2180 918 2285 βλεφάροις
936 2183 1045 2261 αὑτοῦ
1071 2181 1290 2284 νυσταγμδν,
1307 2181 1357 2282 μή

261 2306 300 2387 δὲ
319 2307 569 2408 ἀναβήσεσθαι
591 2311 648 2389 ε’πὶ
675 2307 798 2406 κλίνης
816 2312 1007 2410 στρωμνῆς
1025 2310 1144 2404 αὑτοῦ,
1164 2315 1303 2390 κεῖσθαι
1320 2306 1389 2389 tib

261 2438 372 2538 χαμαὶ
388 2443 660 2535 προσκυνοῦντα
685 2438 742 2513 καὶ
767 2434 1016 2531 ποτνιώμενον,
1035 2435 1109 2514 ἔστ’
1130 2431 1175 2514 δν
1193 2438 1276 2540 εὕρῃ
1293 2431 1355 2513 τύ·

260 2592 331 2638 πον
349 2567 399 2666 τῷ
415 2562 546 2668 Κυρίῳ,
562 2564 619 2640 καὶ
637 2559 812 2660 σκήνωμα
830 2565 881 2666 τῷ
896 2561 1132 2667 ΘεῷἸακὼβ,
1145 2564 1236 2641 τοῦτ’
1249 2563 1360 2659 ἔστιν,

261 2685 326 2769 ἕως
344 2684 389 2764 διν
405 2685 513 2792 μάθῃ,
532 2695 595 2766 τοῦ
614 2687 749 2786 Κυρίου
767 2685 1043 2792 φανερώσαντας
1060 2688 1166 2794 αὐτῷ,
1179 2686 1245 2786 τὴν
1262 2686 1384 2787 χεῦε-5

223 2851 253 2901 33
262 2846 324 2890 σιν
351 2821 415 2892 τοῦ
442 2819 618 2914 Χριστοῦ.
679 2811 884 2917 Εύξυίμενυς
909 2811 956 2908 δὲ,
977 2815 1034 2890 καὶ
1057 2821 1202 2892 τοιαῦτα
1226 2819 1357 2914 γνῶναι

662 2981 678 3026 (ἰ
691 2974 715 3026 εί
727 2974 882 3043 τευξύμινος
892 2972 953 3026 RS.

260 3111 329 3168 item
351 3111 457 3175 dicens,
481 3111 553 3168 Illuc
574 3113 726 3185 producam
748 3128 829 3166 cornu
850 3110 954 3175 David,
970 3112 1071 3184 ροτουί
1092 3112 1229 3168 lucernum
1251 3111 1359 3168 Christo

260 3209 340 3252 meo:
363 3192 484 3268 ἱιιίιιιὶοοι
508 3189 566 3262 ηὐς
588 3191 700 3248 induam
718 3191 883 3265 consrraiooc.
904 3207 983 3264 cuper
1003 3193 1091 3264 iprum
1114 3200 1207 3248 cutam
1229 3191 1359 3269 efflorebit

259 3272 441 3347 sanctificatio
461 3289 529 3327 mec.
572 3270 665 3328 Etiam
687 3271 749 3328 hrec
771 3269 1006 3345 prophetiarum
1031 3272 1174 3345 superiore
1195 3272 1358 3337 concordat,

261 3371 323 3426 quce
337 3352 416 3408 illurn
431 3352 533 3415 Deum,
549 3351 597 3426 qui
610 3351 760 3409 nunciatur
773 3359 918 3416 venturus,
929 3349 964 3407 dc
980 3350 1127 3408 Bethleem
1142 3370 1358 3427 progressurum

260 3433 411 3508 significat.
453 3431 551 3506 Ipsum
565 3432 620 3489 hoc
633 3431 721 3506 igitur
735 3431 828 3487 David
845 3449 964 3506 quoque,
979 3431 1056 3505 priua
1077 3432 1191 3507 quidem
1211 3432 1357 3508 ignorans,

260 3522 341 3588 optat
354 3511 461 3571 discere
475 3513 511 3569 ab
525 3512 587 3587 ipso
601 3513 749 3579 Deo,tu1n
763 3530 831 3568 vero
845 3511 893 3567 ubi
911 3512 1020 3586 optavit
1034 3520 1156 3586 votoque
1176 3513 1314 3588 poposcit,
1329 3512 1359 3570 id

260 3593 352 3668 iprum
368 3595 502 3651 docetur:
525 3601 676 3668 postquam
689 3593 765 3649 enirn
780 3591 925 3648 oraculum
939 3591 1056 3666 accepit,
1072 3593 1148 3666 quod
1166 3593 1202 3650 ad
1222 3594 1315 3667 iprum
1329 3593 1359 3650 in

174 3701 180 3716 ·
261 3675 373 3731 Psalmo
388 3675 428 3730 ita
442 3674 490 3737 ait,
504 3673 655 3746 Defructu
669 3675 770 3729 ceutria
787 3674 938 3745 luiponem
951 3689 1034 3748 super
1047 3671 1135 3728 cedem
1149 3683 1232 3738 ιιιαοι,
1248 3682 1277 3730 et
1296 3691 1358 3730 rur·

261 3771 317 3820 sua,
330 3755 402 3811 llluc
413 3755 559 3828 producam
575 3771 659 3809 αονιιιι
676 3751 776 3816 Dauid,
786 3756 888 3825 pcrcci
901 3752 1037 3808 lucernum
1051 3752 1158 3810 Christo
1172 3771 1240 3821 meo,
1255 3755 1359 3810 merito

260 3833 421 3910 procumbit
443 3833 496 3907 ipsi
514 3834 586 3898 Deo,
610 3841 693 3906 atque
715 3832 755 3889 ita
779 3831 890 3888 haerena
914 3831 985 3896 eolo,
1002 3832 1142 3907 supplicat
1161 3843 1190 3890 et
1209 3842 1356 3908 precetur:

260 3912 376 3988 longius
390 3922 484 3970 cutem
499 3913 730 3986 constantiusque
744 3912 772 3969 in
788 3912 915 3969 oratione
929 3929 1113 3986 perseverane
1124 3915 1202 3988 jurat
1216 3914 1288 3978 Deo,
1300 3931 1359 3970 non

261 3993 339 4067 priua
361 4011 392 4049 ee
410 3993 604 4066 ingressurum
624 3992 653 4048 in
673 3992 885 4049 tabernaculum
902 3993 1003 4049 domus
1024 4011 1092 4060 eure,
1115 4012 1206 4068 neque
1227 3994 1359 4050 daturum

261 4071 349 4128 oculic
371 4073 428 4127 auia
450 4090 581 4130 somnum
602 4082 631 4130 et
651 4073 793 4147 palpebris
814 4073 872 4129 suis
893 4071 1133 4139 dormitationem,
1147 4092 1239 4149 neque
1260 4091 1357 4130 uacen-

262 4169 358 4207 curum
373 4151 401 4205 in
415 4151 519 4205 lectum
535 4153 617 4208 strati
631 4153 682 4217 eui,
697 4153 775 4210 humi
790 4160 908 4209 stratum
924 4153 1042 4226 soloque
1056 4153 1257 4218 adherentem.
1269 4173 1359 4228 coque

261 4229 348 4284 modo
368 4228 533 4284 adorantem
555 4248 588 4286 ac
609 4233 813 4305 supplicantem
835 4249 1006 4296 mansurum.
1022 4231 1113 4289 donec
1125 4234 1250 4290 inveniat
1264 4234 1358 4290 locum

262 4306 396 4369 Domino,
412 4313 441 4360 et
456 4305 665 4364 tabernaculum
683 4311 742 4366 Deo
755 4311 855 4376 Jacob,
871 4311 925 4366 hoc
939 4319 992 4375 eat,
1008 4311 1098 4368 donec
1119 4313 1218 4376 discat,
1234 4313 1358 4369 Domino
