3120 4716
13 241 15 268 ²
49 249 182 328 -480.
437 252 662 318 DEMONST.
687 253 856 318 EVANG.
881 255 929 317 X.
946 273 977 333 4.
1230 249 1295 316 947

191 442 230 488 τε
266 417 343 494 ταῖς
379 421 651 514 προτρεπτικοῖς
688 415 936 497 διδασκαλίαις
974 414 1032 491 καί
1070 417 1142 493 τοῖς
1185 420 1288 510 λογι·
1304 443 1334 479 10

191 542 265 619 κοῖς
295 535 518 636 μαθήμασιν,
548 539 586 617 έν
619 573 657 618 τε
686 545 760 622 τοῖς
789 540 949 638 σημείοις
979 541 1037 617 καί
1069 535 1205 639 τέρασι,
1235 538 1293 613 καί

192 667 268 744 ταῖς
297 661 429 745 ἄλλοις
456 663 781 771 παραδοξυποιίαις,
809 671 887 749 ταῖς
914 697 953 744 τε
981 662 1103 743 ἰυίσεσι
1131 665 1189 742 καί
1216 664 1323 744 raicb

192 789 403 889 θεραπείαις·
435 789 586 886 ὑμεῖςδέ
614 794 647 870 oi
670 795 733 890 τῆς
756 789 934 890 τοσαύτης
959 789 1161 892 εὐεργεσίας
1180 786 1288 892 ἠξιω-

190 910 288 1012 μένοι
311 909 384 994 dire
406 913 458 995 rin
475 914 590 1020 μισθόν
608 953 674 1020 μου
694 917 711 1009 ir
735 915 944 1014 ἀπείπασθε,
962 922 1071 996 αἰτῶν
1089 913 1226 1010 αὐτοὺς,
1244 915 1294 996 ὡς

191 1037 292 1135 εἰκὸς,
330 1038 487 1140 καρποὺς
524 1042 705 1136 εὐσεβείαις
742 1046 801 1122 καί
837 1047 964 1142 δεῖγμα
999 1045 1063 1140 τῆς
1099 1047 1148 1124 εἰς
1184 1036 1293 1119 αὐτὸν

166 1163 357 1248 επίστεως.
416 1169 467 1244 Oi
493 1164 540 1262 δέ,
559 1165 651 1246 κατὰ
675 1165 718 1246 τὸ
741 1167 922 1270 εἰρημένον
947 1170 985 1247 ἐν
1003 1171 1048 1270 τῇ
1071 1163 1143 1267 πρὸ
1162 1164 1314 1262 ramnes

189 1289 397 1391 παραθέσει,
409 1296 481 1370 cirri
501 1295 556 1371 τοῦ
573 1297 724 1394 ιἰγιιπῖιν
741 1330 786 1399 με
804 1290 1019 1386 ι’νθιέβιιλλίν
1037 1327 1095 1397 με,
1113 1301 1172 1372 καὶ
1194 1290 1292 1371 iimo

193 1420 269 1496 κατ’
292 1418 372 1520 ἐμοῦ
392 1415 492 1497 ιιιιιιίι
510 1423 583 1497 cirri
605 1418 742 1520 ιἰγαθῶν
763 1428 822 1500 est
845 1425 946 1525 μῖσος
964 1427 1037 1500 cirri
1062 1417 1119 1512 τῆς
1140 1418 1290 1520 iynimi-

192 1542 275 1626 σιιίς
292 1577 369 1646 μου,
384 1540 574 1643 τριάκοντα
591 1543 767 1646 ἀργόρους
785 1543 997 1644 στήσαντες,
1010 1541 1135 1645 ὥσπερ
1147 1542 1291 1622 ιτοσού-

166 1697 256 1748 9τον
292 1664 400 1746 αὐτὸν
434 1667 667 1766 πωλούμενον
702 1669 930 1769 ἐτιμήσαντο.
994 1671 1101 1748 Ἀλλ’
1140 1672 1215 1748 ἐπεὶ
1248 1665 1331 1747 rino

192 1791 338 1872 ἑκάστου
371 1791 459 1900 ἔργον
492 1796 597 1874 ίποίίν
627 1797 696 1876 ἐστι
729 1797 763 1875 τί
802 1799 866 1904 πῧρ
905 1797 983 1875 αὐτὶ
1016 1790 1208 1899 θιιιιμιίσει,
1239 1798 1287 1871 εἰ·

191 1913 303 2002 κόποις
326 1917 544 2020 προστάττει
564 1926 738 2000 Ι’καθεῖναι
761 1919 888 2004 αὐτοὺς
913 1927 962 2005 εἰς
978 1920 1020 1998 τὸ
1045 1917 1291 2022 χωνευτὴριον,

189 2043 375 2143 ἐπιλέγων,
393 2047 424 2123 ἰν
446 2047 562 2148 τρίπον
587 2040 804 2150 ἰθοκιμιίσθην
826 2045 905 2153 ὑπὲρ
930 2045 1045 2124 mincis.
1103 2039 1316 2142 Χωνευιή-ο

187 2201 266 2270 ριον
302 2168 339 2248 δὲ
375 2171 527 2248 ἐνταῦθα
563 2169 652 2249 ἔοικε
689 2168 753 2250 τὸν
790 2168 885 2250 οἰκον
924 2171 1060 2273 Κυρίου
1094 2168 1287 2271 ὀνομάζειν.

189 2293 363 2378 Εἰπόντος
395 2303 484 2395 γοῦν
513 2303 577 2375 τοῦ
611 2296 746 2399 Κυρίου
776 2295 869 2376 κατὰ
898 2294 980 2380 τοὺς
1008 2292 1290 2394 Ἑβδομῆκοντα,

190 2416 290 2505 siles
317 2417 435 2506 αἰτοῖις
463 2427 509 2506 εἰς
537 2417 573 2500 τί
598 2423 812 2526 χιιιευτιίριοι,
842 2421 1009 2526 ἐπιφέρει,
1046 2420 1107 2500 καί
1134 2416 1313 2511 infimos

152 2541 307 2628 ιοιιίτιίις
332 2552 377 2629 εἰς
396 2545 448 2624 riv
468 2543 551 2624 οἷκον
577 2547 700 2653 Κυρίου,
721 2554 767 2632 εἰς
786 2547 820 2627 τί
845 2549 1057 2654 χονευτιίριον.
1117 2542 1224 2622 Κατὰ
1251 2544 1290 2624 δὲ

189 2666 252 2745 τὸν
270 2669 430 2748 Ἀκύλαν
457 2667 616 2754 εἰπόντος
640 2679 704 2750 τοῦ
724 2672 867 2773 Κυρίου,
888 2665 986 2776 ῥίψαν
1012 2673 1105 2759 αὐτὶ,
1126 2674 1238 2768 δῆλον
1258 2664 1291 2748 θ’

190 2790 244 2870 ὅτι
266 2792 308 2871 τὸ
330 2792 509 2896 ιίργιίριον,
528 2797 608 2899 πρίς
631 2793 682 2875 riv
706 2795 874 2890 πλιίοτην,
892 2795 1058 2900 ἐπιφέρει,
1080 2802 1139 2874 nesi
1166 2786 1290 2900 ἔρριψα

350 2941 505 3000 ‘moeror
519 2947 547 3002 S.
630 2945 777 3018 ιικαθίμαι]
792 2947 903 3002 καθεῖναι
918 2947 948 3000 P.
962 2954 994 3000 ut
1007 2947 1080 3018 vulg
1097 2945 1125 3000 S.

188 3069 298 3118 sentem
311 3063 443 3128 exhibeo,
458 3072 518 3121 tum
536 3065 565 3122 in
585 3065 701 3122 monitis
714 3083 748 3122 ac
762 3065 940 3123 documentis
958 3065 1196 3140 rationalibusque
1214 3082 1286 3138 pree·

188 3141 287 3215 ceptis,
302 3151 363 3200 tum
377 3143 407 3199 in
421 3144 511 3218 signis
525 3153 554 3201 et
568 3146 706 3219 portentis
720 3153 749 3202 et
762 3145 825 3202 ullis
840 3145 1039 3202 miraculorum
1053 3144 1213 3220 generibus,
1226 3152 1287 3200 tum

188 3222 272 3278 etiam
295 3222 325 3278 in
347 3223 540 3280 sanctionibus
562 3234 592 3281 et
614 3223 748 3281 medelis:
770 3242 822 3281 vos
843 3243 913 3300 ergo
934 3226 983 3299 qni
1000 3233 1081 3283 tenta
1101 3223 1288 3282 beneficentia

188 3300 268 3376 digni
288 3301 378 3359 habiti
399 3302 468 3360 estis
490 3303 553 3359 dcte
576 3305 720 3358 mercedem
744 3321 829 3360 meam
852 3311 901 3360 αυι
921 3307 1033 3368 renuite,
1055 3305 1095 3360 sic
1117 3304 1230 3378 quidem
1251 3303 1287 3360 ab

187 3379 251 3446 illis,
265 3390 298 3437 ut
311 3401 362 3458 pur
376 3391 428 3449 est,
442 3381 550 3440 fructus
571 3382 684 3456 pietatis
702 3391 732 3438 et
751 3381 853 3438 indicia
872 3383 938 3438 fidei
954 3401 1024 3458 erga
1044 3383 1168 3456 seipsum
1189 3391 1286 3455 postu·

186 3459 257 3517 lans.
300 3461 340 3518 At
354 3461 395 3519 illi
410 3465 454 3535 (ut
468 3462 498 3518 in
512 3481 546 3519 eu
560 3480 644 3535 quam
658 3461 784 3536 proxime
798 3472 863 3517 snte
880 3463 954 3518 hanc
973 3462 1118 3536 posuimus
1139 3461 1288 3536 prophetia

187 3540 366 3613 dictumest)
379 3560 434 3615 pro
447 3560 478 3598 eo
492 3549 523 3598 ut
536 3559 578 3598 me
592 3540 735 3614 diligerent
749 3540 927 3598 detrahebant
940 3542 1015 3606 milri,
1031 3549 1057 3597 ct
1072 3545 1223 3614 posuerunt
1236 3542 1286 3595 cd·

186 3639 293 3678 versum
308 3639 348 3676 me
361 3621 436 3676 malo
455 3639 506 3695 pro
521 3621 602 3684 donin
616 3627 643 3677 et
664 3621 755 3676 odium
773 3639 825 3695 pro
842 3622 985 3679 dilectione
999 3638 1066 3687 mec,
1081 3628 1111 3676 et
1124 3637 1209 3693 quum
1224 3635 1286 3674 xxx

186 3707 338 3773 argenteos
357 3699 563 3765 constituerint,
579 3709 713 3774 tanusm
735 3719 800 3757 eum
819 3701 866 3775 qui
886 3701 959 3758 tanti
973 3699 1143 3756 venderetur
1161 3698 1283 3753 estima-

186 3787 298 3835 verunt.
342 3777 401 3836 Sed
423 3779 557 3854 quonism
579 3779 787 3856 uniuscnjusque
809 3799 875 3856 ορυς
897 3780 1034 3855 punierit
1058 3781 1128 3854 ἰροίι
1145 3777 1283 3852 probabit,
1387 3808 1394 3821 ·
1415 3809 1422 3830 ι

186 3857 288 3914 merito
305 3859 424 3934 imperet
437 3868 470 3916 ut
485 3859 633 3915 mittuntur
654 3861 684 3915 in
705 3859 858 3924 fornacem,
874 3861 942 3917 illud
964 3860 1133 3934 adjungens,
1150 3857 1284 3922 Quemad-
1351 3857 1357 3871 '

185 3940 294 3994 modum
303 3942 436 4013 probetur
448 3957 508 3995 sum
520 3957 573 4013 pro
583 3940 646 3995 iliis.
669 3938 824 3995 Fornacem
836 3957 903 3996 vero
917 3938 972 3995 hoc
985 3938 1049 3995 loco
1064 3938 1153 4012 ipsam
1168 3935 1285 3992 domum

185 4017 302 4074 Domini
315 4019 462 4076 nominare
475 4018 596 4076 videtur.
638 4017 716 4076 Nam
737 4037 803 4075 cum
820 4017 959 4076 Dominus
980 4018 1090 4083 dixerit,
1105 4025 1137 4074 nt
1151 4024 1195 4073 est
1209 4015 1285 4091 opud

187 4115 255 4162 cxx,
269 4099 375 4156 dimitte
395 4117 441 4156 eor
461 4099 490 4155 in
501 4099 658 4174 fornacem,
680 4106 742 4155 tum
766 4097 905 4173 adjungit,
926 4106 951 4154 et
969 4096 1073 4174 projeci
1094 4115 1137 4154 eor
1157 4099 1184 4152 in
1205 4098 1284 4153 domo

186 4175 303 4233 Domini
325 4181 352 4234 in
366 4179 522 4253 fornacem.
565 4179 606 4235 Ut
623 4196 692 4234 vero
710 4186 755 4234 est
776 4177 850 4251 apud
868 4177 1011 4252 Aquilam,
1034 4196 1119 4251 quom
1144 4176 1284 4232 Dominus

185 4255 298 4322 dixerit,
317 4258 420 4330 projice
441 4260 519 4323 illud,
533 4259 625 4332 ipsum
639 4255 770 4314 videlieet
789 4267 947 4331 argentum,
962 4258 1000 4313 cd
1008 4257 1140 4331 figulum,
1156 4265 1217 4313 tum
1234 4255 1283 4311 nd·

693 4367 770 4425 312
