3144 4720
468 234 696 300 DEMONST.
721 235 891 301 EVANG.
921 236 1015 300 VIII.
1034 255 1061 300 2.
1260 241 1325 302 805

224 404 288 475 τοῦ
316 395 538 499 ἁγιάσματος
566 400 693 496 αὐτῶν,
718 403 774 479 καί
803 407 875 478 τῶν
902 405 988 501 πρὶν
1018 401 1210 504 οἰκητόρων
1244 407 1348 481 δια-5

224 524 434 628 φθαρέντων
469 528 527 605 καί
563 527 781 606 ἐκκοπέντων
818 529 855 607 ἐν
888 533 1133 634 κατακλυσμῷ
1164 529 1325 627 πολέμου

224 651 510 750 συντετμημένου
537 655 765 758 ἀφανισμοῖς,
786 656 844 732 καί
871 662 935 733 τοῦ
960 688 1002 754 γε
1029 653 1174 734 πόντων
1201 688 1320 756 παρα-

223 775 418 882 δοξοτότου
449 779 557 857 εἰσέτι
589 787 652 858 νῦν
683 777 806 860 αὐτόθι
839 781 1028 883 ὁρωμένου,
1057 783 1153 882 λέγω
1186 781 1230 879 δὴ
1259 789 1324 861 τοῦ

223 904 473 1004 βδελόγματος
494 909 558 1004 τῆς
582 906 793 1006 ἐρημώσεως
817 912 866 989 εἰς
892 911 995 1009 δεῦρο
1020 905 1197 990 Ῑὲστῶτος
1216 910 1254 987 ἐν
1272 915 1364 1017 regim

187 1133 193 1143 ¹
223 1032 307 1131 πρίν
324 1032 415 1137 ἁγίῳ
433 1028 543 1134 τόπῳ,
561 1036 641 1134 περὶ
659 1033 700 1112 οὗ
718 1035 777 1112 καί
799 1036 819 1112 ό
844 1032 973 1136 Σωτὴρ
992 1037 1049 1114 καί
1073 1033 1205 1138 Κύριος
1223 1035 1323 1134 ἡμῶν

77 1178 82 1240 I
166 1179 214 1227 ιιι
222 1153 286 1237 τὰς
303 1158 503 1240 ε’κτεθείσας
515 1156 698 1260 προήκατο
712 1159 845 1263 φωνάς.
869 1157 945 1239 Ὧν
959 1167 1090 1266 σαφῶς
1106 1160 1162 1241 ὑπ’
1180 1163 1322 1267 ὀφθαλ-

221 1287 300 1378 μοῖς
326 1282 512 1384 ὁρωμένων
535 1285 619 1382 ἡμῖν
643 1285 751 1364 εἰσέτι
776 1295 849 1384 νῦν,
868 1285 1052 1383 θαυμάσαι
1078 1289 1155 1380 ἐστὶ
1179 1285 1260 1372 τοὺς
1284 1291 1360 1388 ε’κρ.
1371 1323 1436 1385 404

220 1413 410 1510 περιτομῆς
428 1411 495 1514 οὐχ
513 1413 623 1494 οὕτως
641 1413 869 1503 ἀντιβλέπειν
884 1419 958 1495 τοῖς
975 1412 1141 1516 ἐναργέσι
1158 1421 1321 1513 τολμῶν-

219 1566 292 1629 τας,
311 1535 401 1615 όσον
426 1541 696 1632 ἀβλετττοῡντας
713 1543 771 1618 καί
789 1538 854 1637 τὴν
876 1539 1033 1619 διάνοιαν
1055 1541 1318 1640 ἐσκοτωμένονς

218 1659 308 1762 πρὸς
325 1660 368 1742 τό
391 1661 441 1763 μὴ
465 1666 552 1766 ὁρᾶν
574 1663 621 1745 τὰ
644 1668 736 1745 οὕτω
761 1670 866 1772 σαφῆ
892 1669 950 1745 καί
974 1669 1106 1768 ἐναργῆ
1124 1673 1197 1745 τῶν
1216 1666 1342 1750 θείωνε

165 1823 211 1875 ¹²9
219 1796 371 1893 γραφῶν
398 1793 685 1890 ἀποτελέσματα.
737 1792 792 1873 Ὃ
818 1798 877 1874 καί
903 1790 1107 1874 πεπόνθασι
1135 1793 1227 1872 κατοί
1253 1793 1319 1892 τὴν

219 1923 266 2000 εἰς
285 1917 410 2001 αὐτοὺς
429 1927 684 2023 πληρωθεῖσαν
702 1924 769 2001 κάν
787 1922 901 2028 τούτῳ
920 1929 983 2000 τοῦ
1000 1919 1160 2000 ’Heraion
1182 1919 1318 2026 φωνὴν,

218 2045 260 2122 δι’
281 2044 323 2143 ἧς
341 2044 531 2126 ἐθέσπισεν
550 2047 678 2144 αὐτοῖς,
697 2046 815 2143 εἰπὼν,
835 2054 920 2162 σίκιῇ
938 2047 1108 2143 ἀκούσετε,
1130 2055 1190 2126 καί
1211 2052 1245 2126 οἰ
1269 2043 1318 2152 μῆ

217 2169 340 2267 συνῆτε,
354 2181 414 2250 καί
428 2171 614 2265 βλέποντες
626 2167 795 2278 βλέφετε,
810 2180 868 2250 καί
887 2177 921 2250 τό
935 2169 981 2275 μίι
996 2166 1093 2264 ἰθητε.
1125 2169 1318 2268 Ἐπιιχόνθη

216 2295 285 2402 γίιρ
304 2301 321 2389 ἦ
341 2293 466 2403 καρθίιι
484 2300 539 2377 τιό
557 2301 643 2376 λοισῦ
664 2295 783 2393 τούτου,
804 2305 864 2376 καί
885 2301 950 2381 τοῖς
971 2301 1046 2376 ὦσίν
1065 2295 1168 2375 αὐτόν
1186 2293 1317 2403 βαρέως
1329 2340 1358 2375 ιο

217 2419 369 2519 ἥκουσαν,
400 2433 458 2503 καί
488 2423 560 2508 τοίις
587 2421 786 2530 όφθιιλμοίιε
818 2424 921 2503 αὐτόν
949 2421 1165 2527 ἒιιόμμυσαν,
1188 2425 1346 2525 μήποτεί)

217 2544 311 2630 ἴθυσε
342 2555 410 2636 τοῖς
436 2549 638 2658 ὀφθαλμοῖς,
668 2559 727 2632 καί
753 2556 845 2637 ῧτιίς
876 2555 950 2632 ιἰσίν
978 2551 1158 2646 ιἰκιόσωσι,
1191 2559 1250 2629 καί
1279 2557 1316 2659 τῇ

219 2672 342 2784 καρθίςι
361 2677 489 2773 συνῶσι,
510 2687 569 2758 καί
590 2674 833 2784 ἑπιστρέφωσι,
855 2685 913 2757 καί
935 2675 1090 2782 ιἰἰσωμσιι
1110 2677 1236 2760 ιιότιότ.

160 2831 208 2879 ¹30
269 2804 377 2881 Ἀλλ’
407 2805 482 2882 ε’πεί
509 2807 568 2883 καί
598 2806 678 2906 περί
708 2810 780 2882 τῶν
809 2801 1098 2884 πεπιστευκότων
1126 2805 1238 2882 ἐθνῶν
1267 2807 1315 2884 εἰς

315 2941 423 3037 ῗίστῶτό
436 2981 466 3035 Ρ.
481 2989 512 3035 ut
525 2983 598 3054 vulg.
615 2982 642 3036 S.
725 2983 809 3038 Ετοῖς
822 2983 883 3038 add.
899 2982 931 3037 P.
947 2982 994 3054 qui
1009 2999 1071 3037 mox
1087 2981 1202 3050 ἰάσομαι.

214 3109 270 3148 una
283 3110 347 3148 cum
361 3092 500 3166 prioribus
514 3092 614 3150 incolis
627 3093 811 3168 disperditum
826 3103 911 3169 atque
928 3093 1054 3150 excisam
1074 3093 1104 3150 in
1125 3091 1231 3149 diluvio
1247 3091 1313 3149 belli

214 3174 352 3230 contracti
374 3173 622 3238 internecionibun
648 3175 728 3230 etin
751 3193 786 3230 eo
813 3176 877 3231 loeo
906 3174 998 3230 adhue
1026 3173 1151 3231 cernitur
1176 3173 1207 3229 id
1236 3173 1313 3246 quod

214 3253 340 3310 oxoniam
363 3253 576 3312 admirationem
598 3263 728 3329 superat:
751 3255 815 3311 dico
834 3262 928 3311 autem
948 3254 1186 3311 abominationem
1201 3253 1312 3310 desola-

213 3333 299 3390 tionis
312 3333 405 3390 adhue
419 3343 493 3392 stare
508 3353 542 3391 eo
556 3336 585 3390 iu
598 3336 662 3392 loco
676 3334 722 3409 qui
737 3344 820 3391 antea
834 3343 948 3391 sanetus
962 3343 1031 3399 erat,
1047 3353 1102 3408 qua
1123 3335 1158 3390 de
1177 3352 1208 3390 re
1227 3333 1313 3389 etiam

214 3412 345 3471 Salvator
359 3433 391 3471 ao
406 3415 547 3472 Dominus
561 3425 659 3472 noster
677 3414 806 3488 exposita
827 3433 917 3489 nuper
930 3414 1017 3470 verba
1030 3411 1195 3470 enuntIavit.
1237 3411 1311 3480 Quae

213 3493 324 3566 quidem
346 3513 392 3551 res
413 3514 498 3568 quom
517 3495 679 3570 planissime
701 3495 753 3550 nub
774 3495 872 3550 oeulos
891 3494 973 3550 nobis
993 3494 1126 3566 subjectae
1147 3493 1212 3557 sint,
1228 3501 1313 3566 atque

213 3574 297 3630 etiam
314 3594 390 3631 nuno
411 3583 571 3640 cernantur,
585 3576 603 3633 J
606 3576 702 3632 udaeos
722 3575 854 3631 admirari
869 3573 1098 3649 operaepretium
1113 3582 1167 3638 est,
1181 3590 1239 3627 non
1253 3579 1312 3629 tam

213 3655 289 3728 quod
303 3655 438 3712 adversus
456 3674 492 3712 ea
511 3675 574 3729 quae
592 3655 632 3712 ita
652 3655 800 3730 perspicua
820 3665 887 3712 aunt
905 3654 1052 3712 intendere
1069 3654 1166 3710 oeulos
1180 3652 1311 3719 audeant,

212 3753 297 3808 quam
321 3736 397 3808 quod
419 3735 459 3792 ita
487 3736 619 3811 caligent,
642 3754 796 3809 eorumque
822 3754 902 3792 meno
929 3736 970 3792 ita
991 3735 1153 3791 involvatur
1179 3732 1311 3798 tenebris,

212 3822 244 3870 ut
257 3833 315 3870 non
329 3815 444 3872 videant
464 3834 508 3881 ea,
523 3835 585 3889 quae
601 3825 660 3873 tam
684 3817 760 3873 clara
777 3825 891 3891 tumque
912 3817 1054 3874 evidentia
1072 3823 1138 3871 aunt
1152 3813 1312 3870 divinarum

212 3895 413 3968 seripturarum
427 3905 536 3962 eventa,
552 3896 627 3971 quod
642 3896 754 3971 quidem
770 3898 811 3954 eia
825 3898 980 3954 secuudum
1002 3896 1077 3953 illam
1093 3895 1185 3951 Esaiae
1199 3911 1309 3958 vocem.

211 3993 273 4048 quae
293 3976 322 4032 in
342 3976 397 4032 hoc
419 3995 530 4050 quoque
548 3977 683 4034 adversus
704 3977 768 4035 illos
789 3977 931 4052 completa
951 3984 1003 4042 est,
1023 3975 1135 4038 accidit,
1154 3973 1203 4030 ubi
1223 3971 1311 4030 utitur

210 4054 265 4111 illis
279 4056 391 4113 verbio:
416 4059 521 4114 Αοθὶιυ
536 4059 660 4126 audietis,
674 4065 702 4113 et
722 4075 776 4114 non
798 4057 973 4130 Intelligetio:
995 4064 1022 4114 et
1041 4056 1178 4114 intuentes
1197 4054 1311 4111 intuebi-
1382 4105 1388 4118 ,
1411 4106 1417 4125 ‚
1437 4102 1443 4119 ,

211 4137 285 4200 minu,
301 4143 328 4192 et
348 4155 402 4192 αοα
423 4137 554 4195 videbilis.
596 4139 722 4194 Crassum
736 4139 806 4194 enim
813 4137 927 4210 sactum
948 4145 990 4194 eat
1006 4155 1053 4192 cor
1067 4136 1163 4211 populi
1182 4133 1269 4206 liujus,
1284 4140 1312 4189 et

211 4217 325 4272 αυτίἰυς
346 4220 401 4274 ταὶς
420 4221 544 4292 ρταοίτετ
562 4218 715 4287 eademne,
729 4226 756 4275 et
777 4218 868 4274 oculor
888 4237 951 4274 ενοι
970 4217 1133 4280 clauserunt,
1149 4233 1183 4272 ne
1203 4213 1310 4287 quando

210 4297 320 4354 videant
334 4298 429 4364 οουίἰς,
443 4305 469 4355 et
483 4299 594 4356 auribus
607 4301 729 4367 ακάἰαιιι,
745 4307 772 4354 et
786 4301 866 4356 corde
884 4299 1048 4372 iutelligunt,
1063 4305 1090 4355 et
1110 4301 1310 4357 coarmantur,
