3142 4720
71 249 207 324 —277.
458 239 687 307 DEMONST.
711 243 882 310 EVANG.
907 244 968 308 VI.
986 266 1035 327 14
1256 247 1320 316 559

219 397 339 478 ἔπειτα
356 399 415 480 διὰ
432 402 474 481 τὸ
491 404 639 502 με’λλειν
657 405 729 514 ὀψὲ
747 410 805 487 καί
828 407 984 509 ἕσπερος
1002 406 1151 486 ἔσεσθαι
1169 403 1236 505 τήν
1253 415 1319 485 τοῦ

219 528 532 632 προφήτευομένου
556 533 758 634 παρουσίαν
783 538 833 616 εἷς
858 530 1039 632 ὑπομονήν
1060 531 1319 636 παρακαλέσας·

220 650 280 730 διὰ
296 661 360 731 τοῦ
379 652 436 733 ίαν
453 659 605 769 ύστερήσή
621 661 788 764 ὑπόμεινον
806 658 913 750 sirii,
929 657 946 751 b
966 657 1022 738 ἐὰν
1040 659 1195 770 μιλλήσή
1214 693 1318 764 προσ·
1329 695 1359 730 10

221 773 322 875 θήραν
347 781 454 871 atrii,
475 783 522 861 ‘o'rr
540 791 575 863 'i
596 784 768 890 ἑρχίμειος
793 785 858 890 ἥξει
884 791 943 864 καὶ
969 789 1003 864 οὐ
1026 780 1074 890 μή
1098 787 1240 897 χροιίσή,
1262 787 1348 864 e'arid

219 902 286 1003 τὴν
321 906 448 984 πίστιν
477 911 541 1005 τῆς
572 910 804 1012 προρρήσεως
834 908 898 989 τὸν
935 908 1112 1011 ἀκροατὴν
1148 916 1319 1015 παρορμᾷ

221 1030 350 1130 λέγων,
379 1034 399 1109 b
428 1031 471 1131 δή
501 1031 636 1117 τούτοις
663 1035 843 1114 πιστεύων
870 1034 915 1141 ἐξ
939 1037 1048 1133 σῆς
1071 1039 1134 1134 τῆς
1161 1036 1318 1116 πίστεως

222 1159 330 1236 αὑτοῦ
357 1157 488 1240 δίκαιος
509 1161 725 1262 ἀναδειχθεὶς
742 1158 808 1258 τὴν
832 1158 924 1239 κατὰ
940 1159 1034 1239 Θεὸν
1052 1159 1196 1261 ζήσεται
1215 1158 1340 1262 (uibus

222 1284 269 1363 ὡς
296 1279 452 1378 ἔμπαλιν
484 1286 504 1362 ὀ
537 1288 711 1384 ἀπιστῶν,
739 1288 776 1364 ἐν
804 1283 855 1369 οἷς
883 1282 949 1365 “bv
980 1289 1233 1386 ὑποστείληται
1268 1285 1318 1386 μή

220 1407 421 1510 θαρσήσας,
439 1408 489 1509 μή
508 1410 546 1488 δὲ
564 1410 806 1509 ἐμπιστεύσας
823 1419 897 1494 τοῖς
915 1411 1116 1513 είρημένοις,
1137 1419 1195 1492 οὐκ
1224 1408 1316 1493 εὐθο-

193 1539 312 1627 susti
336 1529 441 1642 ψυχή
467 1573 533 1641 μου
559 1541 588 1619 ἓν
616 1544 718 1646 αὐτῷ.
775 1535 942 1617 ιὈὐκοῦν
969 1541 1028 1616 καὶ
1055 1537 1154 1616 αὐτοὶ
1181 1537 1318 1620 τούτοις

220 1661 424 1746 ἀκολούθως
442 1661 704 1770 ε’ναλλοὶξωτες
721 1661 764 1744 τὸ
782 1670 925 1765 πρῶτον
948 1665 1108 1765 ὕστερον,
1127 1664 1186 1742 καὶ
1203 1697 1314 1762 μετα-

220 1787 336 1870 θέντες
363 1787 405 1866 τὸ
434 1790 583 1892 ὕστερον
610 1791 668 1868 ἐπὶ
696 1787 739 1869 τὸ
765 1795 919 1892 πρῶτον,
945 1787 1116 1886 σώσομεν
1143 1786 1207 1870 τὸν
1234 1799 1359 1870 votvm

219 1915 281 2010 τῆς
299 1912 442 2018 λέξεως,
459 1913 548 2012 μετὰ
566 1913 609 1994 τὸ
631 1914 678 1994 ’ὅτι
705 1924 719 1996 a‘
747 1918 917 2024 ἐρχόμενος
943 1917 1009 2022 ἥξει
1038 1927 1096 1996 καὶ
1125 1920 1159 1996 οὐ
1177 1919 1317 2023 χρονίσει

219 2038 301 2117 καθ’
332 2040 534 2141 ὑπερβατὸν
563 2040 805 2125 συνάπτοντες
835 2041 888 2138 τὸ,
916 2051 931 2123 a‘
961 2038 996 2122 b*
1025 2037 1159 2126 θίιιαιίς
1186 2079 1250 2146 μου
1279 2043 1318 2120 ἐκ

192 2166 367 2250 uariaretur
398 2166 546 2282 ζήσεται,
573 2169 632 2246 καὶ
663 2164 778 2274 τούτῳ
810 2167 1033 2267 ἐπιλέγοντες
1066 2166 1119 2264 τὸ,
1150 2165 1205 2248 ἑλν
1237 2173 1318 2246 ὑπο-

219 2293 407 2382 στείληται,
429 2297 487 2372 οὐκ
513 2287 638 2372 abbane?
660 2297 678 2386 ή
698 2290 803 2400 ψυχή
823 2329 889 2399 μου
914 2295 944 2373 ἐν
967 2299 1070 2399 αὐτῷ.
1129 2291 1253 2398 Ταύτῃ
1280 2291 1318 2372 δὲ
1325 2295 1357 2430 ἐξ
1368 2342 1430 2427 278

215 2418 276 2493 καὶ
294 2415 315 2494 ὁ
332 2413 493 2500 Ἀκύλας
511 2423 555 2522 τῇ
575 2419 711 2525 διανοίᾳ
724 2419 908 2524 συντρέχει
921 2417 1137 2520 &ouibus
1151 2421 1317 2535 μελλήσή,

215 2541 404 2652 προσθίχου
425 2545 534 2636 αὐτοι,
554 2547 601 2627 ‘bri
621 2549 790 2654 ἓρχίμενις
808 2546 992 2639 ἐλεύσεται,
1014 2557 1073 2628 καὶ
1100 2554 1133 2628 οὐ
1151 2547 1315 2654 βραθιινεῖ.

212 2669 308 2750 Ἰδού
334 2673 626 2775 νωχελευομείνου,
646 2675 710 2752 οὐκ
737 2675 852 2754 εὐθεῖα
878 2675 900 2772 ή
926 2672 1030 2778 ψυχή
1056 2709 1125 2773 μου
1151 2676 1188 2753 ἐν
1211 2675 1340 2780 abrah

216 2801 275 2875 καὶ
294 2800 427 2884 δίκαιος
444 2802 482 2879 ἐν
500 2801 621 2880 πίστει
639 2803 749 2879 αὑτοῦ
767 2799 924 2903 ζήσεται.

412 2935 600 2990 ²bom.P.S.
683 2936 818 2993 ⁸busdd.
834 2937 865 2990 P.
947 2931 1125 2991 bouniis.

216 3056 364 3114 vesperam
389 3037 501 3095 futurus
525 3046 601 3096 esset
621 3040 692 3114 ejus,
712 3040 748 3096 ds
770 3059 826 3114 qao
848 3039 997 3114 prophetis
1018 3039 1151 3114 loquitur,
1168 3038 1315 3105 adventus,

216 3117 282 3176 ideo
299 3119 355 3176 illis
368 3119 472 3184 verbis,
494 3118 526 3176 Si
543 3121 647 3176 tardius
664 3122 762 3185 ueniet,
781 3127 892 3196 aspectu
914 3119 1000 3184 illum,
1019 3123 1071 3186 uel,
1091 3124 1114 3178 si
1134 3121 1314 3188 cunctabitur,

214 3200 309 3274 accipe
328 3199 415 3266 iilum,
431 3201 558 3274 quoniam
578 3203 685 3257 aericus
704 3203 800 3266 ueniet,
821 3208 848 3257 et
868 3218 923 3256 aaa
945 3200 1074 3270 tardabit,
1093 3201 1129 3258 sd
1149 3200 1315 3275 patientiam

216 3299 323 3336 vocans
341 3279 507 3345 auditorem,
522 3289 555 3337 ut
568 3280 700 3337 vaticinio
713 3281 798 3337 fidem
820 3280 954 3338 adhibeat
973 3281 1112 3347 hortatur,
1127 3281 1233 3347 diceus,
1248 3301 1314 3339 eum

217 3360 265 3434 qui
287 3361 331 3417 his
354 3359 439 3417 rebus
463 3360 623 3426 crediderit.
647 3361 695 3418 ubi
719 3379 755 3418 ex
777 3380 828 3418 sus
849 3361 937 3436 ipsius
960 3363 1016 3419 fide
1036 3363 1130 3436 justus
1157 3362 1314 3419 declaratus

217 3440 414 3506 institutum
431 3460 494 3516 quae
508 3441 574 3499 Deo
595 3441 705 3515 placeat
724 3441 873 3507 victurum,
893 3442 966 3498 sicut
986 3461 1001 3498 e
1022 3441 1172 3507 contrario,
1188 3442 1234 3515 qai
1256 3460 1314 3497 non

215 3520 375 3586 crediderit,
391 3521 438 3578 ubi
459 3522 632 3580 subtraxerit
645 3540 685 3589 ss,
701 3541 759 3579 uon
778 3523 923 3579 confidens
945 3539 1035 3595 neque
1056 3521 1174 3578 medens
1192 3521 1237 3577 his
1251 3539 1313 3594 quoe

216 3601 381 3667 dictasunt,
396 3603 523 3660 futurum
538 3610 636 3660 utuou
654 3602 718 3660 bene
735 3603 785 3660 sibi
801 3604 912 3677 placeat
931 3601 1022 3658 anima
1037 3604 1064 3656 iu
1079 3619 1118 3657 eo.
1159 3601 1239 3676 Ergo
1259 3619 1313 3656 nos

215 3700 328 3756 quoque
340 3683 402 3757 ipss
415 3683 477 3741 huso
491 3693 650 3758 sequentes,
660 3682 684 3739 si
698 3682 964 3740 commutaverimus
978 3681 1019 3738 itu
1032 3689 1063 3737 ut
1077 3681 1153 3754 quod
1167 3681 1245 3757 prius
1258 3690 1311 3745 est,

215 3763 364 3836 posterius,
379 3763 455 3837 quod
467 3782 533 3820 vero
547 3764 688 3838 posterius
702 3773 754 3830 est,
765 3764 933 3820 translatum
947 3763 1024 3837 prius
1037 3761 1182 3827 faciamus,
1198 3779 1312 3820 sonsum

215 3843 368 3900 verborum
390 3844 535 3920 integrum
557 3844 804 3902 conservabimus:
838 3844 878 3901 sic
900 3843 976 3900 euim
1001 3850 1067 3920 post
1090 3841 1158 3900 illud
1186 3845 1313 3916 quoniam

215 3925 324 3980 acirim
337 3927 427 3981 amiet
438 3932 467 3981 et
479 3943 533 3982 aar
546 3927 704 3990 morabitur,
714 3925 810 3982 statim
821 3925 1026 3999 subjungemus
1035 3923 1112 3988 illud,
1120 3923 1214 3996 justus
1224 3931 1313 3980 autern

215 4022 291 4060 meus
310 4023 344 4060 ατ
357 4006 417 4080 side
435 4005 517 4070 uiuet,
532 4013 560 4062 et
573 4006 640 4063 huic
654 4004 707 4080 ipsi
721 4015 922 4062 connectsmus
940 4004 1021 4069 illud,
1036 4003 1070 4060 Si
1089 4004 1254 4061 subtraxerit
1273 4022 1311 4068 se,

214 4101 270 4140 ιιοιι
285 4084 350 4141 bene
362 4086 413 4141 sibi
432 4087 524 4158 placet
540 4089 634 4143 anima
654 4103 713 4142 mea
734 4086 761 4141 ia
782 4102 822 4142 eo.
866 4084 940 4141 Cum
960 4084 1017 4140 hoc
1035 4101 1102 4141 vero
1121 4102 1206 4141 sensu
1227 4084 1311 4140 ctiam

216 4163 319 4239 Aquila
332 4166 488 4222 concordat
501 4165 606 4233 dicens,
621 4165 654 4223 Si
668 4165 840 4223 cunctabitur
852 4167 944 4239 accipe
958 4165 1044 4230 tuam,
1060 4167 1187 4238 quoniam
1204 4163 1313 4219 verricus

215 4248 304 4302 ueniet
317 4253 345 4302 et
358 4265 411 4302 aaa
427 4247 567 4303 tardabit:
582 4264 649 4303 ecce
664 4245 687 4302 si
702 4246 799 4303 turdus
814 4245 860 4311 sit,
875 4263 933 4302 uon
948 4253 1025 4302 rectu
1038 4245 1132 4301 uuims
1145 4261 1208 4298 meu
1223 4242 1252 4297 in
1267 4259 1310 4305 eo,

215 4331 244 4382 ct
254 4326 350 4401 justus
363 4343 398 4384 ex
414 4326 470 4383 fids
483 4325 571 4402 ipsius
584 4326 669 4385 vivet.
