3142 4720
58 259 195 327 -274
444 245 674 311 DEMONST.
699 246 868 314 EVANG.
898 248 956 313 VI.
975 269 1024 335 13.
1240 251 1301 313 551

202 407 267 488 οῦν
283 411 340 488 ε’πὶ
359 413 405 513 τῇ
424 418 489 489 τοῦ
509 411 644 511 Κυρίου
659 410 704 517 ἐξ
720 413 880 514 οὐρανῶν
898 411 1039 520 καθόδῳ
1056 414 1137 515 περὶ
1155 413 1304 495 ἐκείνους

202 533 353 614 ἔπεσθαι
377 538 435 613 καὶ
460 535 483 633 ἡ
506 544 676 638 παροῦσα
700 539 901 642 προφητεία
925 535 1143 636 σημαίνειᾶ
1167 541 1225 616 καὶ
1250 541 1305 616 ε’ν-

202 664 297 763 αργῆ
325 659 393 760 τὴν
420 659 572 755 ἔκβασιν
596 659 721 765 εἴληφε
739 659 829 757 μετὰ
848 658 912 760 τὴν
929 670 994 741 τοῦ
1019 666 1186 764 Σωτῆρος
1203 664 1335 761 ἡμῶνεί

161 813 192 863 ¹7
202 785 328 883 Ἰησοῦ
355 790 521 888 Χριστοῦ
546 785 762 887 παρουσίαν.
821 792 868 865 Εί
895 795 984 888 γοῦν
1010 821 1045 866 τι
1072 786 1217 868 δύναται
1246 791 1304 868 καὶ

200 908 225 1006 ἡ
242 907 393 1011 ἡμετέρα
411 910 563 1011 ἱστορία,
581 911 661 988 καθ’
682 911 774 1008 ἡμᾶς
793 908 919 994 αι’ποῦς
937 909 1003 1010 τὴν
1027 909 1144 990 πάλαι
1165 914 1303 1011 βοωμέ-

202 1067 269 1134 νην
283 1033 380 1113 Σιὼν
392 1034 534 1136 ζεύγεσι
550 1042 648 1129 βοῶν
666 1034 736 1115 ὑπὸ
747 1037 934 1133 Ῥωμαίων
950 1039 1090 1139 ἀνδρῶν
1107 1037 1325 1139 ἀρουμένην5

202 1159 408 1263 ὀφθαλμοῖς
434 1159 717 1265 παρειλήφαμεν,
740 1164 798 1240 καὶ
825 1160 892 1260 τήν
917 1197 960 1264 γε
986 1160 1236 1264 Ἰερουσαλὴμ,
1255 1167 1304 1246 ὡς

202 1285 291 1364 αῦτό
308 1285 463 1391 γέφησι
484 1286 526 1366 τό
548 1287 684 1389 λόγιον,
702 1289 1003 1392 ὀπωροφυλακίου
1028 1290 1128 1387 δίκην
1156 1291 1302 1368 ἀπολει-

203 1411 365 1515 φθέντος,
393 1415 431 1491 έν
458 1420 628 1492 παντελεῖ
651 1415 911 1492 τκαταστᾶσαν
939 1413 1077 1518 ἐρημίᾳ·
1118 1411 1143 1491 ἃ
1170 1417 1228 1492 καὶ
1256 1417 1300 1495 δι’

202 1533 305 1614 οὐδέν
326 1536 444 1639 ἕτερον
467 1539 585 1621 αὐτοῖς
603 1536 626 1637 ἢ
646 1537 705 1616 διὰ
729 1537 794 1621 τὰς
820 1538 1035 1632 δυσσεβείας
1061 1539 1178 1616 αὐτῶν
1202 1572 1297 1636 συμ-

201 1661 346 1760 βέβηκε,
364 1665 433 1741 'dr'
452 1661 496 1745 ἃς
521 1667 579 1742 καὶ
606 1664 627 1742 ό
646 1661 765 1765 Λόγος
794 1666 814 1743 ὁ
842 1662 1003 1765 οὐράνιος
1026 1665 1064 1742 έκ
1085 1671 1149 1742 τοῦ
1175 1665 1302 1745 οἰκείου
1315 1695 1343 1731 ¹0

160 1785 315 1866 ιςτόπου
331 1787 566 1890 προελήλυθε.
611 1792 683 1870 Καὶ
702 1791 744 1868 δι’
761 1791 881 1892 ἑτέρας
898 1788 936 1869 δὲ
954 1790 1067 1872 αίτίας
1086 1791 1105 1867 ὁ
1123 1797 1188 1868 τοῦ
1206 1796 1302 1873 Θεοῦ

204 1913 324 2015 Λόγος
341 1915 532 2017 οὐρανόθεν
549 1917 827 2014 κατεληλυθέναι
845 1951 883 1995 τε
902 1919 960 1994 καὶ
978 1916 1226 2015 ἐπιβεβηκέναι
1243 1919 1300 1997 ἐπὶ

202 2037 249 2118 τὰ
276 2039 355 2144 ὕψη
381 2044 445 2138 τῆς
471 2045 539 2140 γῆς
562 2041 630 2140 ἤδη
657 2038 830 2144 πρότερον
857 2042 1009 2142 ἐλέγετο,
1038 2042 1134 2126 broie
1161 2030 1209 2121 τόνΙ
1235 2043 1300 2142 μέν

200 2159 317 2242 πόλοι
335 2162 549 2266 ἐπαιρόμενα
565 2168 623 2243 καὶ
648 2165 921 2269 ῦπερνψοιίμενα
939 2165 1031 2246 κατὰ
1048 2172 1113 2266 τῆς
1131 2167 1300 2269 γνώσεως
1308 2201 1339 2263 p.
1353 2196 1416 2262 ι74

199 2297 265 2368 τοῦ
283 2295 378 2369 Θεοῦ
396 2289 462 2391 όρη
485 2296 649 2394 σαλευθῇ
674 2289 900 2371 ὑποκάτωθεν
921 2293 1040 2389 αὐτοῦ,
1061 2297 1112 2392 (αἱ
1136 2292 1301 2392 δυνάμεις
1381 2308 1386 2317 ’

199 2414 369 2514 δηλονότι
395 2423 431 2495 αἱ
459 2415 754 2514 ἀντικείμεναιαί
780 2416 852 2518 πρὸ
877 2422 940 2515 τῆς
965 2420 1073 2498 αῦτοῦ
1097 2420 1299 2522 παρουσίας

197 2541 290 2640 μετὰ
306 2549 379 2621 τῶν
396 2549 535 2622 λοιπῶν
552 2541 752 2644 ἀνθρώπων
770 2546 828 2622 καὶ
846 2541 888 2620 τὸ
907 2545 1089 2646 Ἑβραίων
1107 2544 1207 2629 έθνος
1225 2553 1320 2629 voirs

198 2671 262 2764 τῆς
285 2669 499 2762 δυσσεβείας
518 2669 576 2746 καὶ
601 2668 918 2768 ΙΙεἰδωλολατρείας
944 2666 1137 2769 πράγμασι
1160 2679 1295 2748 ’κατα-

199 2792 459 2893 δεδούλωνται)
480 2797 513 2871 ol
541 2791 578 2870 δὲ
603 2795 752 2894 πονηροὶ
780 2793 950 2889 δαίμονες,
971 2787 1146 2889 (κοιλάδες
1173 2794 1294 2871 ε’πικα-

241 2950 433 3020 ιιαινιιντῆσαυ
448 2953 476 3008 S.
633 2961 650 2992 ¹¹
663 2949 695 3007 δι’
709 2948 740 3008 dr
752 2953 814 3007 edd.
830 2953 861 3007 P.
1026 2961 1039 2989 Χ
1053 2950 1253 3023 είδαλολατρίος
1268 2953 1296 3008 S.

198 3039 214 3078 5
228 3031 464 3105 κατοδεδοῦλοιντο]
481 3030 717 3086 καταδεδούλωται
727 3032 759 3085 Ρ.

199 3159 314 3216 dentem
337 3159 445 3216 exitum
465 3167 619 3216 consecute
639 3167 706 3216 sunt
723 3168 789 3233 post
812 3158 967 3217 Salvatoris
989 3160 1079 3216 nostri
1099 3159 1169 3217 Jesu
1190 3159 1298 3217 Christi

199 3239 362 3296 adventum.
405 3239 491 3308 Quod
511 3239 535 3294 si
551 3239 703 3314 quidquam
725 3247 823 3295 nostra
836 3258 948 3314 quoque
962 3239 1080 3297 historie
1092 3241 1177 3305 velet,
1192 3239 1297 3297 nostris

200 3317 324 3393 ipsorum
339 3319 514 3393 temporibus
535 3319 610 3376 illem
628 3318 781 3393 antiquitus
800 3319 969 3377 celebratam
989 3318 1060 3377 Sion
1077 3320 1185 3393 junctis
1205 3320 1297 3376 bubus

200 3417 219 3454 ι
236 3399 372 3456 Romanis
390 3399 458 3455 viris
482 3399 555 3456 sreri
581 3399 669 3455 oculis
693 3399 798 3455 nostris
820 3399 1003 3473 inspeximus,
1026 3409 1055 3456 et
1073 3399 1163 3472 ipsum
1190 3400 1295 3456 Hieru-

200 3479 297 3544 salem,
321 3478 686 3553 (quemadmodumipsum
709 3478 765 3534 hoo
789 3479 828 3535 sit
849 3479 1016 3544 oraculum.)
1037 3479 1125 3534 instar
1147 3496 1297 3554 pomorum

200 3559 334 3616 eustodiae
356 3559 484 3624 desertus,
499 3559 535 3616 ad
556 3568 713 3616 extremum
734 3559 877 3614 redactam
898 3557 1088 3620 solitudinem,
1104 3575 1165 3630 quae
1183 3556 1297 3630 quidem

200 3639 237 3695 ob
250 3639 320 3695 nihil
335 3639 410 3696 uliud
430 3638 470 3696 eis
489 3658 573 3713 quem
587 3647 704 3714 propter
717 3639 877 3712 impietates
892 3635 1017 3711 ipsorum
1037 3653 1165 3700 evenere,
1182 3642 1298 3709 propter

200 3737 269 3794 ques
282 3719 367 3776 etism
383 3719 496 3776 eoeleste
510 3718 638 3776 Verbum
657 3719 693 3775 de
712 3737 764 3775 suo
781 3718 845 3774 loco
863 3733 1044 3791 progressum
1065 3723 1118 3772 est.
1161 3715 1207 3772 Ob
1229 3714 1298 3771 nlius

199 3817 267 3856 vero
280 3817 381 3856 eeusss
394 3799 448 3856 Dei
464 3799 588 3856 Verbum
604 3799 639 3856 de
653 3799 725 3856 ooelo
738 3806 768 3855 et
786 3797 965 3854 descendisse
984 3803 1013 3852 et
1030 3813 1114 3870 super
1133 3794 1295 3852 altitudines

199 3887 282 3936 terres
302 3879 464 3954 pervenisse
485 3879 562 3953 prius
580 3879 640 3952 jem
662 3878 769 3935 dictum
791 3887 844 3943 est,
860 3877 956 3951 utique
976 3885 1008 3932 ut
1027 3876 1075 3951 qui
1094 3875 1162 3932 olim
1179 3876 1297 3934 extolle·

201 3959 304 4016 buntur
323 3968 353 4016 et
372 3959 403 4016 in
423 3958 543 4016 sublime
557 3959 738 4033 erigebantur
751 3958 886 4014 adversus
906 3955 1099 4031 cognitionem
1112 3956 1167 4014 Dei
1185 3964 1298 4013 montes

200 4047 446 4096 commoverentur
460 4039 558 4096 subter
571 4057 614 4104 eo.
632 4038 793 4108 (contraries
809 4037 940 4095 videlieet
961 4044 1124 4110 potestates,
1146 4055 1208 4110 que
1232 4046 1298 4093 ente

199 4121 260 4194 ejus
274 4119 428 4176 adventum
442 4138 499 4176 uun
512 4137 576 4176 curn
591 4118 706 4192 reliquis
719 4117 881 4174 bominibus
894 4117 981 4173 etium
995 4126 1111 4191 gentem
1127 4115 1297 4173 Hebreiesm

199 4209 228 4256 et
236 4199 390 4274 impietatis
400 4207 430 4256 et
441 4199 674 4256 simulachrorum
684 4197 778 4254 cultus
788 4196 999 4270 operationibus
1010 4197 1200 4266 addixerant)
1212 4203 1298 4268 utque

200 4281 278 4355 previ
291 4279 447 4344 demones,
465 4279 525 4352 (qui
539 4277 626 4336 velles
648 4277 833 4352 appellentur,
855 4285 1007 4352 propterea
1027 4277 1103 4350 quod
1125 4275 1155 4331 in
1176 4273 1299 4329 hiatibus
