3142 4720
15 2615 17 2626 '
108 2605 223 2659 στοῦεῖς
270 2581 314 2646 τη

274 237 340 300 530
720 239 905 303 EUSEBII
1351 255 1381 318 p.
1393 233 1454 297 261
1468 268 1513 280 -
1549 255 1550 274 ι

275 403 385 503 νόμον
416 405 710 508 σωματικωτέρας
741 408 906 510 λατρείας
938 403 1107 500 διδάσκει,
1137 401 1160 501 ἦ
1193 405 1251 481 καὶ
1283 401 1371 500 αι’πὴ

274 528 400 614 τέλους
417 529 517 634 ἔτυχε
534 529 624 627 μετὰ
648 529 715 629 τὴν
733 540 796 611 τοῦ
815 537 911 612 Θεοῦ
929 529 1052 632 Λόγου
1077 534 1125 612 εἰς
1146 526 1285 610 πάντας
1303 528 1366 604 ἀν-

252 655 438 757 ιθρῶπους
457 656 675 762 ἐπιφάνειαν.
725 658 797 764 Ἐξ
811 659 943 737 ἐκείνου
961 653 1032 758 γάρ
1051 689 1106 734 τοι
1125 657 1183 732 καὶ
1201 657 1249 736 εἰς
1269 655 1371 754 δεῦρο

275 781 464 882 κέκληνται
480 781 547 881 μὲν
563 773 696 868 πᾶντες
713 790 746 863 οἱ
770 785 827 864 ἐπὶ
853 781 977 884 πάσης
993 786 1057 881 τῆς
1080 778 1282 879 οἰκουμένης
1303 777 1369 856 ἅν-
1384 816 1415 852 ιο

275 910 421 1008 θρωποι,
441 911 498 985 καὶ
521 907 641 988 πάντα
657 909 704 988 τὰ
729 909 801 989 ἀπὸ
819 911 1006 989 ἀνατολῶν
1024 905 1205 1009 καὶμέχρι
1223 907 1372 1001 δυσμῶν

274 1031 370 1130 ἔθνη·
416 1033 593 1113 πέπαυται
626 1033 663 1114 δὲ
695 1039 754 1114 καὶ
785 1031 982 1137 καθῄρηται
1010 1031 1034 1130 ἡ
1064 1029 1155 1110 κατὰ
1182 1029 1373 1111 Ἰουδαίους

274 1160 456 1260 θρησκεία,
485 1159 576 1238 κατὰ
606 1158 673 1259 τὴν
699 1159 822 1259 καινὴν
851 1157 1020 1258 διαθήκην
1047 1165 1111 1236 τοῦ
1139 1156 1412 1257 εὐαγγελικοῦρ.
1424 1165 1492 1231 262

274 1282 510 1385 κηρύγματος,
529 1287 613 1364 ἀλλ’
628 1286 670 1364 οὐ
695 1284 787 1365 κατὰ
810 1285 872 1366 τὸν
897 1284 1064 1366 Μωσέως
1090 1281 1209 1380 νόμον,
1227 1279 1398 1360 πάντων

273 1409 472 1511 ἀνθρώπων
490 1411 648 1506 εὐσεβεῖν
666 1410 983 1514 παρηγγελμένων.
1033 1414 1159 1489 Ταῦτα
1176 1407 1215 1487 δὲ
1239 1409 1297 1486 καὶ
1314 1408 1372 1486 ε’πὶ

272 1533 338 1633 τὴν
357 1537 519 1639 δευτέραν
541 1541 599 1616 καὶ
624 1537 770 1644 ἔνδοξον
788 1536 995 1642 ἐπιφάνειαν
1012 1544 1076 1616 τοῦ
1095 1540 1262 1638 Σωτῆρος
1280 1537 1368 1614 ἀνα·

273 1660 417 1766 φέροιτο
435 1663 492 1741 ἅν.

667 1795 734 1870 κάδ
760 1807 893 1871 ursuni·
914 1796 979 1894 τγ’.

210 1961 237 2032 4
322 1945 536 2042 Ὀφθῆσεται
564 1949 582 2018 ὁ
610 1947 692 2025 θεὸς
714 1954 779 2020 τῶν
805 1947 894 2018 θεῶν
916 1951 948 2019 ἐν
972 1949 1067 2019 Σιών.
1119 1946 1222 2044 Κύριε
1244 1947 1262 2017 ὁ
1287 1944 1401 2024 Oedeb

108 2043 153 2100 'ns
168 2044 209 2099 r’rri

108 2124 220 2195 risit·

109 2203 236 2272 &codar
274 2175 356 2254 θεὸς
371 2178 502 2266 Ἰακώβ·
528 2178 764 2276 ὖπερασπιστὰ
783 2181 868 2260 ἡμῶν
883 2176 931 2248 Ιι’δε
951 2180 969 2248 ὁ
988 2175 1079 2260 θεὸς,
1097 2179 1151 2248 καὶ
1175 2174 1370 2270 &idacios

272 2067 337 2132 τῶν
367 2061 523 2146 δυνάμεων
552 2061 742 2136 εἰσάκουσον
767 2072 826 2145 τῆς
855 2071 1040 2160 προσαιχῆς
1068 2093 1141 2145 μου,
1169 2064 1319 2133 ἐνώτισαι
1349 2063 1393 2138 δε

107 2286 125 2416 ἰ
133 2285 210 2418 ‘erig‘
272 2292 326 2361 riri
343 2291 386 2364 τὸ
403 2293 585 2390 πρόσωπον
601 2300 664 2365 τοῦ
681 2292 839 2390 Χριστοῦ
856 2323 926 2364 σου.

108 2385 206 2512 aiffa
248 2456 262 2489 ²
327 2420 404 2502 Τὸν
422 2421 517 2503 Θεὸν
544 2430 616 2503 τῶν
638 2429 740 2502 Θεῶν
765 2421 997 2528 ὀφθήσεσθαι
1021 2422 1211 2526 προειπὼν,
1230 2424 1369 2526 εὔχεται

107 2527 152 2577 tori
166 2531 227 2595 Xpr·
299 2545 309 2572 s

315 2581 336 2626 ν
353 2547 560 2653 ἐπιφάνειαν
577 2549 685 2627 αὑτοῦ
702 2545 726 2652 ᾗ
744 2546 855 2651 τάχος
871 2551 1070 2646 ἐπιστῆναι,
1089 2551 1169 2628 καθ’
1191 2547 1233 2628 δν
1252 2546 1368 2655 ipori-
1392 2565 1417 2629 'c

15 2681 20 2694 ¹
115 2682 123 2702 s
179 2686 185 2702 ι
445 2671 454 2698 Ι
611 2672 622 2698 Ι
781 2672 792 2702 λ
861 2683 877 2700 Α
908 2677 916 2696 θ
951 2677 962 2702 l
1132 2676 1138 2695 ³
1169 2683 1179 2707 x
1224 2675 1237 2704 N
1318 2675 1329 2704 Ι

15 2735 17 2750 .
107 2683 204 2784 “virq-
270 2707 373 2752 σεται
391 2707 524 2776 τροπον
542 2678 721 2754 διδσσκων
738 2679 797 2754 δια
815 2708 878 2753 του
903 2668 1099 2782 επιβλιψιν
1125 2710 1181 2754 επι
1206 2713 1241 2754 τι
1266 2710 1368 2780 προτ-

108 2785 234 2820 Midum·

109 2844 221 2915 φΜῖας·
270 2857 452 2932 rejiciendam
472 2875 535 2915 esse
558 2865 681 2916 veterem
706 2857 783 2914 illam
808 2858 918 2932 corpori
943 2858 1034 2932 magis
1060 2857 1259 2915 inservientem
1281 2877 1366 2932 quam

271 2938 381 3012 spiritui
405 2957 441 2994 ex
460 2938 525 3012 lege
544 2938 637 2994 Mosis
658 2937 853 2994 adorationem
874 2938 967 3002 docet,
987 2956 1048 3012 quae
1069 2938 1132 3012 ipsa
1152 2957 1265 3012 quoque
1286 2956 1369 2994 suum

270 3017 392 3092 contigit
412 3019 498 3074 finem
515 3025 580 3092 post
596 3018 649 3074 Dei
663 3017 752 3074 Verbi
766 3017 802 3074 ad
816 3017 945 3075 homines
965 3017 1128 3075 adventum.
1170 3019 1216 3074 Ex
1230 3017 1279 3074 illo
1293 3019 1368 3075 enim

271 3096 397 3153 adhunc
412 3115 499 3171 usque
519 3096 593 3153 diem
607 3097 700 3154 vocati
717 3097 778 3171 jam
800 3107 866 3154 sunt
883 3115 982 3154 omnes
1001 3098 1036 3155 de
1057 3105 1120 3154 toto
1141 3099 1209 3155 orbe
1229 3106 1369 3154 terrarum

270 3176 411 3241 homines.
425 3195 581 3250 omnesque
595 3179 631 3234 ab
645 3185 710 3234 ortu
724 3177 791 3234 solis
805 3196 893 3251 usque
907 3178 943 3234 sd
958 3196 1089 3235 occasum
1103 3188 1214 3253 gentes.
1239 3178 1370 3234 Cessavit

272 3263 367 3312 autem
390 3256 571 3330 sublatusque
599 3265 643 3314 est
665 3255 832 3314 Judoeorum
856 3257 937 3320 ritus,
960 3258 1008 3314 nbi
1036 3277 1072 3315 ex
1095 3277 1170 3314 novo
1198 3258 1368 3332 evangelice

271 3335 479 3409 predicationis
492 3344 672 3400 testamento,
687 3355 745 3392 non
760 3345 853 3393 autem
868 3355 904 3392 ex
923 3337 986 3411 lege
1001 3337 1103 3403 Musis,
1119 3357 1218 3394 omnes
1237 3337 1368 3394 homines

271 3415 365 3472 Deum
386 3416 478 3472 colere
499 3425 607 3472 etcum
627 3417 732 3492 pietate
753 3417 846 3473 vivere
868 3417 1005 3474 admoniti
1026 3417 1174 3491 edoctique
1194 3425 1271 3476 sunt.
1313 3420 1366 3475 At-

270 3503 366 3552 tamen
387 3496 486 3552 eadem
505 3495 567 3552 haec
587 3496 624 3553 ad
638 3497 792 3554 secundum
809 3496 1020 3571 gloriosumque
1040 3497 1194 3555 Salvatoris
1215 3498 1368 3554 adventum

270 3575 368 3633 referri
381 3575 449 3632 item
464 3585 592 3650 possunt.

669 3715 688 3752 A
705 3715 820 3753 PEALHO
837 3715 965 3754 nxxxur.

209 3803 236 3874 4
317 3797 457 3855 Videbitur
474 3801 551 3856 Deus
569 3803 689 3858 Deorum
708 3803 736 3856 in
758 3801 836 3858 Sion.
881 3803 999 3858 Domine
1021 3803 1101 3859 Deus
1121 3805 1252 3859 virtutum
1272 3804 1369 3859 excudi

108 3881 214 3977 apopht-
271 3879 418 3934 orationem
431 3897 528 3944 meam,
542 3882 654 3937 auribus
665 3885 772 3954 percipe
788 3882 866 3938 Deus
879 3882 974 3939 Jacob.
1016 3883 1163 3938 Protector
1176 3890 1267 3938 noster
1280 3885 1368 3956 aspice

108 3981 216 4021 mamm
272 3957 360 4020 Deus,
377 3965 403 4012 et
424 3959 525 4033 respice
544 3960 685 4036 infaciem
702 3961 803 4016 Christi
817 3963 869 4017 tui.
912 3962 1064 4036 Postquam
1079 3963 1171 4018 Deum
1186 3963 1310 4018 Deorum
1325 3961 1366 4017 vi-

107 4031 228 4126 ffiffi
271 4036 397 4094 deudum
418 4039 557 4112 praedixit,
573 4049 634 4097 tum
655 4049 717 4097 orat
736 4041 889 4098 adventum
907 4041 968 4115 ejus
989 4061 1073 4116 quarn
1091 4042 1236 4098 celerrime
1257 4041 1366 4107 adesse,

108 4130 229 4177 peccaras
271 4117 387 4174 modum
411 4137 466 4192 quo
489 4119 627 4176 videndus
655 4121 692 4176 sit
720 4121 833 4178 interim
861 4121 966 4178 docens
993 4123 1048 4178 illis
1071 4122 1174 4187 verbis,
1200 4123 1311 4196 Respice
1338 4122 1367 4176 in

108 4178 238 4270 fflvfflff
262 4195 369 4269 sociem
391 4198 487 4254 Christi
508 4203 556 4264 tui,
575 4217 632 4256 non
655 4199 734 4256 aliter
758 4221 842 4275 quam
865 4201 887 4258 si
907 4201 1017 4276 planius
1036 4201 1163 4268 dixisset,
1179 4209 1244 4276 post
1264 4201 1367 4257 faciem
