3142 4720
265 243 330 310 εις
710 247 895 315 nusaau
1337 259 1513 327 p.a71—

265 403 333 502 τὴν
352 407 391 485 ἐν
415 407 575 508 οὐρανοῖς
592 408 793 504 βασιλείαν,
812 405 876 487 τόν
893 441 932 486 τε
954 407 1101 513 ἔνδοξον
1118 411 1182 504 τῆς
1200 402 1385 502 θεότητοςε

267 529 376 609 αὐτοῦ
407 528 545 633 θρόνον,
574 529 615 612 όν
642 539 825 635 θεολογῶν
856 535 877 612 ὁ
906 531 1096 639 προφήτης
1124 531 1300 637 ἔψαλλεν,
1318 530 1363 608 ‘0

267 651 367 756 θρόνος
396 692 466 746 σου,
496 654 662 762 φάσκων,
690 668 706 739 o‘
735 660 821 744 osis
854 667 900 744 εἷς
928 661 980 740 τόν
1011 659 1117 738 aloitus
1148 659 1204 736 τοῧ
1235 656 1359 740 allisos·

267 780 322 882 ἐφ’
344 778 385 859 όν
402 783 498 889 αὐτῷ
525 785 544 862 ό
568 782 698 885 πατὴρ,
718 788 766 868 ὡς
783 781 829 864 όν
848 789 911 891 υἱῷ
927 790 1120 884 μονογενεῖ,
1139 780 1361 884 ίκαθέζεσθαι

243 907 554 1007 ππαρεκελεόσατο
572 910 687 1007 εἰπὼν,
708 908 817 990 Knidos
836 911 874 990 ἒιι
894 905 1003 1016 deiude
1020 946 1096 1014 μου.
1146 914 1271 987 Ταΐπα
1289 907 1360 1008 γὰρ
1371 939 1402 973 10

265 1038 396 1137 σαφῶς
420 1033 488 1132 ἤδη
512 1031 686 1137 πρότερον
710 1037 768 1114 ἐπὶ
791 1033 902 1133 μόνον
925 1033 1167 1138 ἀναφερεσθαι
1185 1031 1248 1111 τὸν
1271 1033 1387 1131 ἠμί-ο

264 1191 367 1258 τερον
395 1164 546 1261 Σωτῆρα
573 1159 636 1239 τὸν
662 1159 757 1239 Θεὸν
783 1157 905 1261 Λόγον
932 1159 1224 1260 παρεστησαμεν·
1255 1156 1362 1236 αὐτὸν

265 1281 309 1381 δὴ
328 1283 391 1362 οὖν
408 1292 535 1364 τοῦτον
558 1287 578 1364 ό
602 1285 728 1387 παρὼν
746 1284 903 1387 θεσπίζει
922 1283 1032 1385 λόγος
1049 1284 1304 1385 ἐκπορεύεσθαι
1322 1286 1362 1362 ἐκ

264 1417 328 1488 τοῦ
345 1407 457 1490 τόπον
476 1411 594 1508 αὑτοῦ,
614 1409 891 1510 καταβήσεσθαί
906 1444 944 1490 τε
963 1412 1020 1489 ἐπὶ
1037 1408 1083 1488 τὰ
1103 1411 1180 1514 ὕψη
1197 1413 1261 1507 τῆς
1278 1413 1383 1511 γῆμε

241 1537 407 1614 ⁴lloiad
429 1534 474 1616 ἂν
491 1537 543 1635 εἴη
561 1545 682 1633 ταῦτα,
701 1534 724 1636 ἦ
742 1538 859 1638 ῥητῶς
877 1534 942 1632 μὲν
965 1533 1011 1614 τό
1036 1533 1101 1636 ὅρη
1127 1541 1191 1613 τοῦ
1206 1531 1360 1635 Ἰσραὴλ

264 1664 323 1740 καὶ
347 1667 380 1741 oi
405 1653 538 1759 βὀννοὶ,
556 1666 635 1764 περὶ
660 1659 710 1741 ὧν
735 1661 855 1763 μορίω
876 1667 1089 1767 προφητεῖαι
1116 1658 1358 1760 θεσπίᾷινσιν,

264 1784 353 1884 αὐτή
371 1820 410 1864 τε
422 1785 672 1887 Ἰερουσαλὴμ,
690 1786 806 1867 καὶτὸ
826 1783 921 1865 Σιὼν
938 1785 1031 1887 ὅρος,
1049 1787 1109 1863 ‘e’v
1127 1781 1156 1891 ᾧ
1174 1782 1239 1867 τὰς
1255 1785 1357 1862 πλεί-

263 1943 356 1992 στας
382 1912 530 1990 ἐποιεῖτο
558 1910 741 2014 διατριβὰς
773 1915 794 1991 ό
823 1909 950 2014 Σωτὴρ
978 1913 1036 1990 καὶ
1066 1909 1197 2012 Κύριος
1227 1911 1327 2008 ἡμῶν
1342 1943 1353 2005 ;
1369 1947 1399 1980 ιο

263 2035 412 2115 Τούτων
430 2035 467 2116 δὲ
493 2037 693 2142 διαφθορὰν
711 2039 861 2118 ἔσεσθαι
880 2040 938 2116 καὶ
956 2037 1139 2116 ἀπώλειαν
1157 2038 1212 2114 ἐπὶ
1232 2041 1276 2138 τῇ
1293 2043 1389 2114 τοῦθ

262 2167 427 2264 Χριστοῦ
447 2161 586 2269 καθόδῳ
606 2164 776 2266 θεσπίζει.
828 2167 899 2242 Καὶ
917 2163 1100 2265 πρόδηλον
1119 2164 1167 2245 ὡς
1184 2159 1275 2258 μετὰ
1291 2159 1358 2259 τὴν

262 2295 324 2366 τοῦ
344 2291 511 2391 Σωτῆρος
528 2289 627 2388 ἡμῶν
645 2290 847 2391 παρουσίαν
864 2293 922 2367 καὶ
940 2287 986 2367 τὰ
1004 2289 1079 2366 κατ’
1100 2288 1209 2365 αὑτοῦ
1227 2296 1352 2364 τετολ-

261 2414 400 2512 μημὲνα
426 2412 471 2493 τὰ
498 2415 732 2516 προειρημένα
754 2411 872 2493 πάντα
896 2412 1204 2516 λπεπολιόρκηται,
1223 2413 1281 2491 καὶ
1308 2418 1355 2493 είς

238 2535 420 2642 ιε’σχθτην
446 2541 592 2640 ἐρημίαν
619 2538 817 2639 ἐλήλυθεν.Ι
855 2541 914 2618 Οὐ
937 2537 1009 2637 μὴν
1026 2535 1126 2616 ἀλλὰ
1147 2539 1205 2616 καί
1230 2542 1264 2616 oi
1288 2537 1381 2638 cip-s

260 2696 385 2768 χοντες
407 2673 471 2744 τοῦ
488 2665 667 2745 Ἰουδαίων
695 2663 827 2762 ἔθνους,
846 2666 871 2766 ἦ
891 2700 929 2744 τε
956 2667 1039 2768 παρ’
1059 2666 1177 2747 αὐτοῖς
1204 2667 1246 2742 τὸ
1273 2665 1359 2765 πρὶν

301 2849 478 2924 ίκοθέξεσθοι
493 2855 520 2909 S.
674 2849 779 2929 Εένῷ]
797 2855 878 2910 Forte
891 2856 919 2910 ἰν
933 2851 979 2920 oin,
995 2873 1057 2909 nam
1072 2871 1128 2908 non
1142 2853 1240 2927 leffl'tur
1254 2873 1316 2909 eum
1329 2855 1359 2908 in

260 2942 353 2989 monte
368 2935 433 2988 Sion
446 2935 485 2989 ita
496 2943 641 2990 versatum.
658 2935 716 2988 EI).
732 2935 849 2989 PARIS.
932 2931 1167 3006 1Ιπεπολιοίριιητοι
1182 2935 1212 2988 Ρ.

261 3077 422 3152 riosamque
436 3077 590 3134 divinitatis
604 3080 665 3153 ejus
679 3079 785 3142 sedem,
796 3097 880 3152 quam
891 3077 1051 3152 theologice
1062 3077 1203 3133 extollens
1217 3077 1358 3152 propheta

169 3202 175 3222 ‚
199 3200 206 3216 .
261 3157 408 3233 psallebat,
423 3176 456 3214 ae
475 3158 595 3219 dicebat.
612 3159 694 3216 Sedes
716 3167 763 3214 tun
777 3159 855 3215 Deus
875 3161 903 3214 iu
923 3160 1050 3214 eaeculum
1070 3159 1177 3213 saeculi:
1199 3176 1283 3231 super
1303 3176 1359 3231 qua

260 3237 352 3312 ipsum
368 3237 465 3294 sedere
478 3245 613 3311 tanquam
628 3239 739 3295 unicum
755 3238 856 3294 Filium
867 3239 953 3312 jussit
969 3239 1052 3294 Pater
1065 3236 1121 3292 illis
1135 3237 1237 3300 verbis,
1253 3237 1357 3293 Sedes

260 3319 365 3374 destris
391 3317 463 3374 meis.
505 3317 582 3374 Nam
607 3318 668 3374 haeo
693 3318 775 3392 plane
799 3318 860 3392 jam
888 3327 971 3374 autea
998 3317 1035 3373 ad
1063 3335 1149 3373 unum
1179 3316 1356 3374 Salvatorem

260 3405 390 3454 nostrum
404 3397 497 3454 Deum
513 3396 642 3454 Verbum
655 3399 803 3455 referenda
817 3417 878 3455 esse
893 3399 1006 3471 planum
1021 3397 1158 3453 fecimus:
1181 3397 1256 3453 huno
1270 3395 1357 3470 igitur

260 3476 351 3552 ipsum
373 3496 498 3552 presens
516 3479 660 3534 oraculum
681 3479 757 3535 canit
773 3479 967 3552 egredientem
988 3477 1107 3534 deloco
1129 3495 1190 3544 suo,
1206 3477 1356 3534 descensu-

260 3575 379 3633 rumque
394 3576 478 3634 super
491 3557 655 3615 altitudines
668 3567 761 3616 terroe.
807 3559 895 3614 Porro
910 3566 1003 3615 autem
1019 3575 1148 3632 quaenam
1163 3557 1207 3613 λα
1221 3557 1286 3621 sint,
1302 3556 1357 3612 nisi

259 3638 289 3695 id
310 3639 385 3712 quod
405 3639 466 3713 ipsa
479 3639 566 3696 verbe
585 3647 698 3702 sonant,
714 3647 826 3694 montes
840 3637 929 3694 lsrael
943 3647 972 3694 et
986 3637 1080 3702 colles,
1095 3637 1130 3692 de
1151 3637 1252 3710 quibus
1272 3637 1355 3692 innu-

259 3719 409 3774 merabiles
432 3718 588 3794 prophetie
612 3719 809 3781 vaticinantur.
831 3717 947 3792 ipsaque
973 3716 1159 3781 Hierusalem,
1184 3725 1213 3772 et
1236 3735 1300 3772 cum
1322 3735 1357 3772 es

260 3815 343 3853 mons
365 3797 444 3862 Sion,
461 3798 491 3854 in
512 3817 569 3872 quo
593 3799 743 3872 plurimum
767 3798 923 3855 diversatus
945 3807 989 3854 est
1010 3797 1142 3854 Salvator
1162 3815 1195 3852 ac
1213 3796 1356 3852 Dominus

260 3875 379 3932 noster?
412 3875 489 3933 Nam
504 3877 565 3934 lore
582 3879 680 3934 talium
701 3877 881 3935 altitudinum
901 3877 1088 3951 perditionem
1107 3885 1191 3950 atque
1209 3875 1354 3933 interitum

259 3956 336 4012 canit
349 3955 378 4012 in
392 3955 454 4030 ipso
469 3956 574 4012 Christi
590 3957 743 4015 descensu:
760 3968 789 4014 et
804 3976 871 4014 sane
885 3967 1006 4024 constat,
1020 3965 1083 4032 post
1098 3955 1254 4014 Salvatoris
1264 3955 1354 4012 nostri

259 4034 410 4092 adventum
423 4044 541 4109 postque
552 4056 586 4093 ea
596 4037 757 4110 quaeJudsei
767 4037 901 4094 adversus
909 4039 987 4094 illum
997 4045 1063 4093 sunt
1073 4037 1141 4101 ausi,
1156 4037 1287 4092 universa
1296 4035 1354 4100 ills.

259 4133 321 4188 quus
335 4133 425 4189 nuper
439 4115 602 4180 dictasunt,
618 4117 786 4192 depopulata
799 4117 895 4180 tuisse.
910 4127 939 4174 et
952 4118 987 4174 ad
1003 4125 1159 4173 extremam
1174 4116 1355 4173 solitudinem

259 4195 373 4250 redacta
386 4213 464 4251 esse:
480 4213 576 4251 verum
591 4205 686 4252 nmen
699 4197 718 4254 J
721 4198 825 4254 udaieoe
840 4216 950 4270 quoque
965 4197 1060 4272 gentis
1074 4195 1223 4271 principes,
1235 4205 1265 4252 et
1279 4195 1356 4270 quod

259 4273 336 4347 prius
357 4292 445 4348 penes
466 4273 543 4348 ipsos
566 4293 688 4349 regnum
710 4277 811 4340 stabat,
832 4295 886 4332 neo
907 4295 965 4333 non
988 4276 1187 4343 sacerdotium,
1213 4283 1242 4332 et
1264 4275 1355 4349 prima
