3132 4714
261 227 326 294 mo
707 227 892 292 uusnnu
1328 227 1502 315 p.335·-
1555 311 1556 314 Ν

260 392 329 474 ὑπὸ
358 398 421 492 τῆς
450 395 617 492 ἀληθείας
646 397 704 472 καὶ
737 398 800 492 τῆς
832 401 896 472 τοῦ
924 393 1112 494 γενομένου
1145 396 1224 490 μεθ’
1255 396 1381 494 ἦμῶνο

260 523 355 598 Θεοῦ
374 518 561 618 δυνάμεως,
581 521 786 620 ἡττηθέντες
811 553 849 598 τε
872 519 1123 618 ὑπηκούσαμεν
1140 520 1236 626 αι’πῷ
1257 518 1351 600 πάν-

258 677 316 727 τες
339 645 430 741 ὁμοῦ
454 651 487 726 oi
512 646 616 750 μέχρι
640 653 713 724 τῶν
731 642 916 748 οε’σχάτων
934 653 1174 728 κατοικοῦντες
1196 650 1258 744 τῆς
1275 651 1352 747 γῆς,

258 770 348 850 κατὰ
368 769 452 870 Ι’τὴν
470 771 649 877 φήσασαν
672 771 902 876 προφητείαν,
923 770 1137 851 ἑπακιάσατε
1161 771 1221 858 ἕως
1244 771 1375 871 dcxci-s

204 935 313 983 131rev
340 895 396 988 τῆς
423 896 497 998 piis.
554 899 662 977 Ἀλλ’
689 898 787 995 ἡμεῖς
811 896 876 995 μὲν
905 899 962 977 καὶ
991 897 1179 997 ἡττήμεθα,
1199 902 1257 978 καὶ
1285 935 1349 979 κα-

256 1033 380 1104 λοῦντι
408 1024 672 1124 ὑπηκούσαμεν·
703 1033 775 1108 τοῖς
803 1022 840 1104 δὲ
867 1024 918 1103 ἔτι
944 1031 1016 1104 τῶν
1038 1027 1148 1104 ἐθνῶν
1166 1027 1353 1107 ἀπειθοῦσι

254 1147 301 1226 τά
329 1149 412 1254 ἑξῆς
440 1151 659 1228 ἀποτείνεται
688 1148 814 1250 λέγων,
838 1151 1015 1246 ἰσχυκίτες
1045 1147 1193 1241 ἡττιῖσθι.
1250 1148 1351 1229 q'Edu
1555 1149 1556 1232 i

254 1276 323 1380 γάρ
342 1277 450 1356 πάλιν
469 1276 638 1374 ἱσχιίσητε,
657 1276 765 1358 πάλιν
782 1273 997 1369 ἡττηθήσεσθε.
1044 1282 1111 1355 Καὶ
1128 1277 1228 1377 λίγον
1245 1278 1277 1357 ‘iv
1296 1277 1351 1357 ε’ῦιν
1362 1302 1393 1338 ¹⁰

255 1401 485 1502 βουλεύσησθε,
505 1409 538 1484 ιῦ
560 1402 609 1509 μη
631 1405 762 1518 ε’ριμείνη
787 1403 816 1480 ἑν
839 1406 924 1507 ὑμῖν,
942 1403 988 1482 ‘iri
1014 1399 1088 1508 μεθ
1109 1401 1195 1505 ημῶν
1214 1411 1228 1483 i
1248 1407 1347 1488 Θείς.

202 1529 354 1614 moire
382 1530 476 1632 λε’·γιι
502 1530 614 1637 Κύριος
641 1532 681 1639 τῇ
706 1535 831 1638 ἰσχυρᾷ
857 1535 939 1635 χειρὶ
968 1526 1164 1608 ἀπειθοῦσιν.
1224 1531 1281 1609 Δι’
1301 1526 1381 1609 ἀνθ

254 1663 386 1761 σαφῶς
416 1659 436 1735 ὁ
465 1656 576 1757 λόγος
602 1659 784 1760 ἀφηνιῶσι
808 1657 866 1733 καὶ
895 1654 1197 1751 ἀντιταττομένοις
1220 1660 1266 1758 τῇ
1288 1663 1351 1734 τοῦ

253 1786 417 1883 Χριστοῦ
450 1784 666 1886 διδασκαλίᾳ
703 1783 761 1860 καὶ
796 1788 869 1864 τοῖς
906 1785 1093 1860 ἀπειθοῦσι
1124 1786 1168 1884 τῇ
1201 1786 1350 1886 κραταιᾷ

253 1908 361 1986 αῦτοῦ
378 1913 468 2010 χειρὶ
487 1907 654 2011 θεσπίζει,
673 1907 727 1986 ὅτι
744 1905 795 2006 μὴ
814 1907 851 1986 δὲ
870 1905 1067 2010 ίσχύσουσι
1082 1913 1372 2010 προσπολεμεῖνε

278 2030 289 2057 ἱ
407 2035 415 2059 2
447 2035 456 2058 Q
496 2041 513 2058 n
607 2033 618 2059 λ
756 2033 767 2062 Ι
942 2031 993 2064 x‘!
1079 2041 1096 2058 Α
1137 2030 1151 2064 ὁ
1183 2030 1209 2060 Η

253 2066 317 2110 τον
334 2040 403 2130 μεθ
436 2068 537 2133 ημιον
550 2040 646 2114 Θεον
659 2067 878 2135 πειρωμενοι,
897 2067 955 2112 και
973 2067 1028 2112 οτι
1044 2067 1117 2112 παν
1136 2067 1156 2111 ο
1174 2067 1235 2111 εον
1248 2040 1350 2127 ’βου-

253 2158 453 2239 λεάσωνται
471 2161 553 2240 καθ’
574 2161 673 2259 ἡμῶν
691 2161 733 2239 οῦ
754 2157 804 2258 μὴ
823 2159 967 2262 ἐμμείνη
985 2159 1113 2256 αὐτοῖς,
1131 2156 1189 2238 διά
1206 2157 1248 2237 τὸ
1266 2161 1347 2256 μεθ’

252 2284 352 2382 ἡμῶν
370 2281 457 2364 εἶναι
475 2283 538 2364 τὸν
555 2283 798 2386 Ἐμμανουήλ,
818 2289 875 2364 καὶ
894 2285 1007 2392 τούτῳ
1026 2284 1064 2364 δὲ
1085 2291 1136 2391 τῷ
1158 2284 1345 2387 συμπερά-

252 2443 365 2507 σματι
381 2410 504 2517 ῥᾴδιον
522 2415 716 2510 ἐπιστῆσαι
737 2410 802 2495 τάς
820 2413 901 2491 καθ’
922 2411 1022 2510 ἡμῶν
1041 2410 1190 2494 ἀπειλάς
1209 2415 1266 2492 καὶ
1283 2412 1347 2497 τάς
1359 2451 1390 2487 ιο

251 2535 341 2616 κατὰ
358 2534 508 2641 χρόνους
524 2545 596 2618 τῶν
610 2536 792 2643 ἀρχόντων
802 2534 1072 2620 ἐπαναστάσεις
1091 2545 1347 2642 Ισυνορῶντας,

291 2775 462 2849 οε’σχιιτιῦιν]
478 2776 598 2847 ἐσχάτοιν
608 2776 639 2830 P.
722 2775 862 2844 Prdvom.
876 2775 904 2830 S.
987 2773 1060 2846 Ἶάν]
1076 2775 1121 2829 ε’ἀν
1133 2775 1177 2829 hic
1190 2783 1218 2829 et
1231 2775 1300 2829 infru
1313 2773 1346 2831 P.

251 2863 264 2896 ἲ
276 2855 467 2920 βουλεύσονται
481 2857 514 2914 P.
598 2867 608 2898 ⁸
623 2857 787 2930 συνορῶντα]
805 2859 968 2926 συνορῶντας
982 2855 1013 2910 P.

250 3056 429 3123 credidimus,
451 3057 639 3132 cedentesque
661 3058 753 3116 eidem
776 3057 921 3133 paruimus
943 3075 1042 3114 omnes
1063 3056 1169 3131 pariter
1189 3056 1347 3131 quicunque

249 3154 338 3210 usque
361 3137 397 3193 ad
418 3145 545 3194 extreme
565 3147 648 3195 terrm
668 3139 839 3206 habitamus,
861 3147 893 3194 ut
915 3137 944 3194 iu
966 3137 1115 3213 prophetia
1136 3137 1271 3212 scriptum
1293 3147 1346 3202 eet,

250 3235 312 3290 qum
326 3216 382 3273 eit:
407 3217 547 3275 Exaudite
561 3236 644 3292 neque
659 3219 698 3275 ad
716 3229 864 3276 extremum
885 3227 974 3286 terre,
988 3226 1019 3274 et
1030 3235 1084 3274 nos
1099 3216 1221 3291 quidem,
1236 3227 1265 3276 et
1279 3217 1347 3274 victi

249 3315 356 3363 eumue,
371 3306 401 3354 ct
415 3299 527 3354 vocanti
542 3299 807 3374 obtemperavimus.
849 3299 896 3355 Ad
910 3317 959 3355 eos
973 3316 1041 3355 vero
1062 3297 1109 3372 qui
1130 3297 1165 3353 de
1184 3297 1253 3372 ipsis
1273 3315 1344 3372 gen-

248 3377 325 3434 tibue
346 3397 403 3435 non
424 3378 595 3436 crediderint
615 3398 649 3436 en
668 3380 766 3455 dirigit
787 3398 848 3454 quoe
867 3387 1031 3452 sequuntur,
1047 3378 1161 3434 diceus:
1185 3377 1239 3440 Qui
1251 3377 1347 3452 furter

239 3459 349 3535 fuistis,
363 3460 511 3516 vincimini.
556 3461 587 3516 Si
603 3465 673 3517 enim
695 3479 791 3517 τντινς
802 3460 894 3536 sortes
905 3458 1030 3533 fueritis,
1045 3476 1140 3514 rursus
1153 3458 1304 3522 vincemini,
1318 3465 1346 3514 et

248 3558 434 3613 quamcunque
448 3543 581 3596 rationem
595 3541 720 3604 inieritis.
736 3559 788 3596 non
804 3540 922 3596 manebit
936 3543 963 3596 in
977 3539 1059 3601 uobis.
1070 3541 1197 3613 quonium
1211 3538 1346 3594 ποῦὶςσννι

247 3619 335 3677 Deus.
379 3621 427 3676 Sic
439 3622 505 3677 dicit
519 3620 734 3695 Domiuursurti
747 3623 905 3676 mancinum
920 3619 1094 3675 credentibus.
1126 3617 1238 3687 Quibus
1252 3617 1345 3674 verbis

248 3701 392 3757 oraculum
406 3699 442 3756 ed
457 3719 515 3766 coe.
532 3700 579 3775 qui
590 3701 693 3775 jugum
708 3700 867 3756 detrectant
888 3707 917 3756 et
938 3699 1074 3756 doctrinae
1088 3698 1195 3754 Christi
1209 3698 1345 3754 resistunt

246 3788 277 3836 et
297 3781 406 3854 potenti
431 3780 519 3855 ipsius
541 3781 636 3837 manui
660 3799 719 3837 non
743 3780 869 3846 credunt,
887 3778 1048 3854 plenissime
1069 3778 1247 3843 vaticinetur,
1269 3778 1345 3852 quod

245 3858 372 3916 futurum
387 3861 432 3924 sit,
447 3869 478 3917 ut
493 3880 529 3917 ne
542 3861 655 3916 valeant
669 3860 782 3934 quidem
797 3879 962 3935 oppugnare
975 3859 1121 3915 nobiscum
1131 3859 1235 3924 Deum,
1247 3876 1344 3932 quum-

246 3936 289 3993 vis
303 3940 491 4013 experiantur,
507 3949 536 3998 et
550 3940 625 4015 quod
646 3959 731 3997 omne
752 3940 938 4015 quodcunque
959 3939 1109 3996 adversum
1128 3957 1182 3995 nos
1195 3938 1344 3995 commini-

246 4025 360 4072 scentur
378 4018 447 4092 ipsis
465 4039 524 4076 non
539 4028 733 4078 consteturum
748 4021 793 4088 sit,
808 4030 957 4094 propterea
970 4020 1047 4094 quod
1059 4019 1209 4075 nobiscum
1224 4019 1261 4075 eit
1275 4018 1342 4074 Em-

246 4097 367 4159 manuel,
383 4106 412 4153 et
426 4098 499 4154 hanc
514 4101 627 4173 quidem
644 4102 813 4158 senteutiam
834 4101 916 4158 facile
935 4109 979 4157 est
1000 4109 1032 4157 ut
1052 4099 1072 4156 ii
1093 4100 1243 4156 attendent
1263 4099 1343 4173 eique

245 4175 444 4238 assentiantur.
470 4179 517 4249 qui
545 4181 637 4236 minan
661 4181 810 4238 adversum
838 4199 890 4237 nos
915 4189 944 4236 et
967 4180 1124 4255 principum
1150 4198 1202 4253 per
1229 4178 1342 4254 singule

245 4260 374 4325 tempora
392 4253 557 4313 insolentias
577 4267 662 4331 etque
680 4261 803 4336 impetus
823 4260 1082 4326 animadverterint,
1097 4267 1182 4334 etque
1199 4269 1233 4316 ut
1251 4259 1342 4316 incus·
