3144 4720
238 257 303 321 aaa
687 257 874 323 nusnnu
1319 275 1490 343 μω-

238 423 348 517 βείος,
367 421 442 523 ῶρα
465 423 515 520 μὴ
540 423 667 506 ἄλλως
688 431 801 502 ταῦτα
824 423 1008 524 γεγονέναι
1032 431 1295 524 συνομολογεῖν
1315 423 1341 522 ἢ

239 556 301 625 τοῦ
336 549 470 647 Κυρίου
505 547 722 646 ἐληλυθότος
757 553 806 631 εἰς
839 546 1026 648 Αἴγυπτον
1058 549 1264 632 ἀκολούθως
1295 555 1363 654 η’ἰι

215 672 449 777 κπροκειμείιη
470 672 680 776 προρρήσει.
733 672 846 753 Ἐστι
874 673 938 770 μὲν
965 675 1027 753 οὖν
1050 679 1109 754 καί
1130 675 1255 758 ἀλλοις
1276 673 1342 754 τὸν

239 797 351 898 λόγον
378 798 595 878 αἰνίττεσθαι
622 804 798 899 τροπικῶς
825 794 889 876 τόν
914 800 1092 900 περίγειον
1120 800 1270 897 κόσμον,
1293 807 1343 884 εἰς

239 921 280 1001 ὃν
302 923 322 1001 ὁ
341 921 451 1024 λόγος
468 925 683 1028 προφητεύει
702 921 766 1003 τόν
785 922 920 1026 Κύριον
942 927 999 1004 ε’πί
1024 923 1179 1028 νεφέλης
1205 924 1344 1030 κούφης

239 1047 347 1154 ἥξειν,
385 1051 477 1127 οὕτω
514 1047 577 1126 τὸν
609 1051 648 1128 ἐκ
684 1050 861 1150 παρθένου
898 1054 957 1129 καί
994 1050 1202 1146 Πνεύματος
1238 1051 1386 1149 ἁγίουιο

239 1172 426 1279 ληφθέντα
450 1175 547 1280 αύτῷ
570 1173 761 1276 ἄνθρωπον
782 1170 1029 1272 αἰνιττόμενος·
1060 1175 1287 1278 χειροποίητα
1303 1173 1343 1254 δὲ

241 1299 428 1399 Αἰγύπτου
451 1297 727 1395 πεισθήσεσθαι,
743 1297 792 1376 τὰ
816 1305 889 1377 τῶν
912 1300 1025 1378 ε’θνῶν
1043 1297 1157 1404 ξόανα
1181 1305 1240 1379 καί
1260 1297 1344 1382 τοὺς

240 1428 278 1503 ἐν
296 1425 414 1507 αὐτοῖς
433 1425 611 1521 δαίμονας,
622 1424 670 1505 ῶς
688 1425 734 1501 αὖ
751 1420 863 1501 πόλιν
882 1425 1099 1523 Αἰγυπτίους
1113 1424 1374 1521 simulsimal

240 1549 378 1635 πάντας
398 1551 480 1635 τοὺς
502 1549 618 1630 πάλαι
641 1547 816 1652 πρότερον
837 1553 919 1652 περὶ
943 1547 1009 1647 τὴν
1026 1550 1345 1652 “εἰδωλολοτρείαν

218 1677 485 1776 ιε’πτοημίνους.
544 1675 653 1775 Πλὴν
669 1674 769 1753 ἀλλά
788 1678 846 1754 καί
864 1681 1077 1773 σωματικῶς
1093 1683 1158 1755 τοῦ
1177 1680 1346 1787 Σωτῆρος

242 1804 343 1901 ἡμῶν
360 1799 647 1898 ἐπικομισθίντος
665 1807 710 1905 τῇ
731 1800 935 1900 Αἰγυπτίων
953 1799 1064 1906 χῶρη,
1083 1799 1142 1880 ὅτε
1166 1799 1257 1880 κατά
1281 1800 1368 1891 rbus

243 1924 410 2029 χρησμὸν
433 1923 593 2007 ἀναστὰς
619 1926 638 2002 ό
656 1922 798 2028 Ἰωσὴφ
821 1922 1008 2024 παρέλαβε
1029 1921 1095 2023 τὴν
1114 1923 1267 2026 Μαριάμ
1286 1929 1345 2004 καί

243 2050 285 2131 τὸ
310 2050 449 2132 παιδίον
476 2053 533 2129 καί
559 2049 671 2150 ἦλθεν
697 2057 746 2135 εἰς
768 2049 962 2152 Αἴγυπτον,
981 2048 1172 2156 ἀπορρήτῳ
1199 2050 1346 2148 δυνάμει

244 2181 302 2257 καί
318 2179 474 2284 ἐνεργείᾳ
491 2175 556 2262 τάς
573 2175 696 2257 αιἰτόθι
713 2174 756 2256 τό
774 2180 859 2278 πρίν
877 2176 1045 2260 οἰκούσας
1060 2175 1219 2278 πονηρὰς
1237 2176 1344 2254 δυνά.

242 2336 318 2401 μεις
345 2302 436 2386 εἰκὸς
463 2303 504 2382 ού
531 2309 664 2405 μικρῶς
691 2306 906 2401 κεκινῆσθαι,
930 2305 988 2381 καὶ
1015 2301 1180 2400 μάλιστα
1203 2301 1262 2382 ὅτε
1285 2301 1386 2384 διάιο

242 2431 305 2525 τῆς
320 2427 506 2524 μετέπειτα
524 2427 758 2510 διδασκαλίας
775 2427 884 2505 αὐτοῦ
909 2426 1016 2528 μυρία
1038 2425 1162 2525 πλήθη
1180 2433 1253 2506 τῶν
1276 2425 1343 2525 τὴν

244 2551 429 2653 Αἴγυπτον
465 2551 663 2650 οἰκούντων,
697 2557 761 2650 τῆς
792 2559 864 2632 τῶν
896 2549 1072 2650 δαιμόνων
1107 2549 1344 2658 ἀποφυγόντα

242 2677 468 2778 πλανήσεως,
488 2676 538 2756 ἔτι
562 2684 620 2757 καί
644 2685 707 2756 νῦν
730 2676 794 2756 τόν
818 2683 891 2756 τῶν
917 2676 1013 2756 ὅλων
1039 2677 1212 2778 ὁμολογεῖ
1232 2675 1344 2775 μόνον

532 2860 544 2886 ’“
560 2850 787 2923 εἰδωλολατρείαν]
804 2849 1003 2924 ιίδωλολιιτρίον
1018 2852 1048 2906 Ρ.

244 3004 311 3077 quid
332 3004 405 3060 aliud
423 3006 482 3078 jam
505 3013 642 3077 superest,
658 3005 710 3061 nisi
726 3014 757 3061 nt
771 3005 909 3062 fateamur
930 3025 987 3076 non
1009 3006 1090 3062 aliter
1110 3007 1165 3062 ista
1178 3005 1342 3080 contigisse,

244 3101 327 3156 quam
343 3101 393 3156 per
408 3083 525 3139 Domini
547 3084 576 3139 in
590 3085 749 3159 AEgyptnm
767 3087 929 3151 adventum,
944 3086 1016 3142 sicut
1029 3085 1194 3142 vaticinium
1214 3085 1343 3158 proxime

243 3162 402 3234 expositum
424 3163 623 3238 significabat?
644 3165 683 3222 Et
696 3165 765 3222 nihil
780 3165 892 3240 quidem
906 3167 1025 3240 impedit
1038 3167 1120 3222 aliter
1134 3183 1245 3239 quoque
1267 3166 1343 3222 idem

243 3242 370 3316 accipere
385 3243 539 3308 oraculum,
554 3253 586 3300 ut
599 3245 730 3302 videlicet
744 3246 864 3320 figurnte
879 3255 1022 3304 terrenum
1041 3246 1117 3303 bunc
1131 3245 1268 3302 mondum
1282 3245 1341 3320 sig·

244 3322 349 3390 nificet,
371 3323 399 3380 in
425 3343 506 3398 quem
533 3326 621 3382 verba
642 3325 702 3400 ipsa
727 3325 879 3382 Dominum
905 3344 990 3401 super
1013 3327 1087 3383 nube
1111 3325 1166 3382 leri
1190 3335 1342 3382 venturum

244 3403 441 3468 vaticinentur,
456 3403 559 3480 quippe
580 3423 642 3480 qum
664 3406 719 3461 hoc
741 3406 826 3462 modo
845 3405 990 3463 hominem
1008 3407 1045 3462 ab
1063 3406 1112 3463 illo
1132 3405 1168 3462 ds
1182 3406 1292 3479 virgine
1313 3414 1343 3461 et

245 3482 352 3558 Spiritu
367 3493 465 3542 sancto
480 3495 655 3558 assumptum
669 3485 790 3560 intelligi
801 3485 902 3543 velint:
924 3505 1010 3544 manu
1023 3497 1116 3542 sutem
1131 3485 1207 3542 iacta
1219 3485 1343 3559 AEgypti

244 3566 457 3630 commovenda,
469 3565 528 3638 ipsa
537 3567 665 3640 gentium
677 3565 854 3633 simulachra,
865 3574 894 3623 et
904 3567 933 3622 in
943 3566 1000 3623 illis
1013 3565 1174 3623 habitantes
1187 3565 1341 3630 daemonas,

244 3643 316 3700 sicut
336 3663 433 3701 rursus
448 3645 602 3719 AEgyptios
616 3647 714 3711 victos,
730 3664 828 3702 omues
848 3646 988 3720 prioribus
1010 3645 1076 3702 olim
1097 3644 1272 3719 temporibus
1292 3662 1341 3700 co·

243 3723 334 3780 lendis
348 3725 524 3781 simulachris
538 3725 674 3782 addictos.
717 3727 852 3782 Attamen
866 3745 952 3799 quum
969 3726 1053 3782 etism
1070 3725 1131 3800 ipso
1145 3743 1263 3798 corpore
1278 3723 1341 3780 Sal-

243 3812 325 3859 vator
347 3814 444 3860 noster
464 3805 493 3860 in
514 3813 618 3861 terram
633 3805 802 3880 AEgyptiam
816 3815 913 3861 vectus
934 3805 980 3870 sit,
1002 3823 1058 3880 quo
1079 3815 1207 3879 tempore
1227 3803 1342 3860 oraculo

244 3884 368 3939 monitus
388 3885 497 3958 Joseph
521 3884 642 3940 surrexit
664 3884 842 3959 Mariamque
866 3903 922 3941 nnn
949 3904 1013 3941 cum
1040 3885 1158 3958 puerulo
1181 3883 1289 3957 accepit
1313 3891 1343 3940 et

244 3979 307 4016 cum
330 3963 440 4019 occulto
461 3982 513 4020 sua
529 3964 633 4021 virtute
655 3973 738 4039 atque
758 3965 882 4021 efficacia
903 3965 933 4021 in
949 3965 1112 4039 AEgyptum
1129 3963 1266 4038 pervenit,
1282 3981 1341 4020 ma-

243 4038 335 4111 lignas
357 4041 394 4097 ibi
420 4043 497 4115 prius
521 4043 682 4101 habitantes
709 4053 865 4118 potestates
892 4063 950 4102 non
979 4044 1159 4101 mediocriter
1185 4049 1343 4098 commotas

243 4117 329 4174 fuisse
343 4137 394 4191 par
407 4129 460 4185 est.
475 4131 504 4177 et
518 4125 640 4180 maxime
660 4143 745 4197 quom
768 4132 867 4199 postea
886 4143 938 4201 per
952 4124 1026 4180 illios
1040 4123 1198 4180 doctrinam
1212 4122 1342 4196 innume·

243 4196 466 4268 rtbllessmmm,
481 4201 528 4269 qui
543 4202 702 4275 AEgyptcm
717 4203 854 4266 incolunt,
865 4211 1022 4260 conventus
1036 4204 1072 4260 sb
1086 4221 1182 4260 errore
1196 4219 1230 4257 ac
1243 4200 1342 4257 fraude

244 4272 403 4327 damonum
427 4275 598 4340 recedentes,
622 4281 706 4334 etiam
730 4299 805 4337 nunc
827 4300 914 4338 unum
939 4283 1062 4338 universi
1083 4281 1177 4338 Deum
1203 4299 1234 4336 se
1257 4297 1343 4336 nosse
