3142 4720
257 245 323 306 sse
704 239 894 306 nnsnnn
1336 232 1508 318 μορ-

257 411 340 493 σίας
364 411 561 508 σημαίνειν,
580 413 677 490 ’ἐπεὶ
704 413 762 490 καὶ
789 408 969 494 ἀνατολὰς
997 409 1111 507 ἡλίου,
1131 405 1222 487 αὐτοί
1248 441 1287 486 τε
1313 403 1359 484 τὰ

258 537 328 614 ε’ὣα
352 538 410 614 καὶ
436 535 632 615 ἀνατολικὰ
659 536 744 636 ἔθνη
769 535 1033 636 ’πεπλήρωκεα
1051 533 1212 613 διατείνει
1236 530 1274 610 δέ
1301 534 1390 610 said

258 665 314 741 ἐπὶ
339 661 404 760 τὴν
428 661 571 760 διπικὴν
592 659 790 742 θοίλασσαν
817 660 880 745 τοίς
900 695 938 741 τε
964 663 1002 738 έν
1025 661 1116 762 αι’ντῇ
1142 657 1288 758 νήσους·
1316 659 1359 737 οὖ

258 785 330 885 μὴν
354 789 437 866 ἀλλ’
457 788 590 894 ἔφθακε
615 787 708 866 κατοί
731 821 771 867 τε
797 787 901 867 νότον
926 788 985 865 καὶ
1008 786 1249 886 μεσημβρίαν,
1268 784 1359 863 κατά

219 938 250 985 28
258 947 297 992 τε
324 920 471 1014 βορρᾶν,
496 917 555 993 καὶ
582 912 724 1016 ἄρκτον.
784 912 912 1012 Πόντη
940 911 1011 1015 γὰρ
1039 914 1097 991 καὶ
1124 917 1311 1014 πανταχοῦ
1339 913 1359 989 ὁ

259 1037 518 1137 σημαινόμενος
540 1046 715 1141 τροπικῶς
733 1047 797 1118 τοῦ
825 1040 959 1141 Κυρίου
981 1035 1112 1116 ἔλαιόν
1136 1031 1381 1136 ἡέκκλησίαι

258 1164 366 1243 αὐτοῦ
385 1165 702 1270 καταπεφιίτειπαι.
763 1164 924 1248 Διίνατοι
946 1162 984 1242 δέ
1009 1166 1068 1242 καὶ
1094 1161 1360 1242 κατᾶιδιιίνοιαν

259 1287 305 1368 τὰ
337 1292 395 1370 ἐπὶ
431 1295 495 1391 τῆς
524 1299 589 1371 τοῦ
617 1297 781 1393 Χριστοῦ
809 1291 1004 1390 ἐκκλησίας
1031 1285 1204 1391 γενόμενά
1230 1323 1268 1369 τε
1300 1292 1360 1369 καὶ

259 1416 367 1496 εἰσέτι
393 1424 455 1495 νῦν
481 1415 650 1518 γινόμενα
676 1417 868 1520 σχίσματα
892 1420 951 1495 καὶ
974 1414 1038 1499 τὰς
1056 1419 1207 1518 αἱρέσεις
1236 1414 1301 1498 τός
1322 1449 1360 1494 τε

259 1539 383 1639 ἠθικὰς
411 1539 502 1621 κατὰ
536 1539 600 1621 τὸν
629 1542 711 1636 βίον
740 1539 968 1624 ἀποπτοίσεις
1000 1541 1217 1634 αἰνίττεσθαι
1245 1548 1354 1641 ισχι-
1372 1573 1402 1608 ιο

259 1666 406 1748 σθέντα·
436 1670 530 1772 φησὶ
555 1665 694 1769 γὰρτὸ
723 1668 790 1772 ίρις
816 1662 1067 1758 θιαστιὶσισθιιι,
1086 1666 1123 1745 τὶ
1142 1668 1244 1766 ἥμισυ
1261 1666 1361 1742 αὐτοῦ

260 1798 341 1901 πρὶς
359 1793 543 1883 ιἰνιιτιλιῗις,
566 1802 625 1873 καὶ
647 1795 683 1873 τὶ
702 1795 805 1899 ἥμισυ
828 1795 927 1874 αὑτοῦ
950 1792 1031 1899 πρὶς
1054 1790 1250 1880 θάλασσαι,
1270 1801 1359 1886 χάος

259 1919 359 2024 μέγα
378 1915 524 2025 οφίθρα,
546 1925 606 1999 καί
628 1922 735 1999 κλινεῖ
750 1919 786 1998 τὶ
806 1921 908 2019 ἥμισυ
927 1920 982 1997 τοῦ
1005 1918 1091 2023 ίρινς
1110 1917 1193 2026 πρὶς
1213 1917 1264 1996 τὀν
1282 1919 1359 2018 βιρ-

262 2047 329 2150 ρῖιν,
366 2052 425 2124 καὶ
460 2043 496 2126 τί
511 2109 513 2115 ,
526 2047 628 2148 ἥμισυ
662 2045 761 2123 αὐτοῦ
793 2043 875 2151 πρὶς
909 2047 1002 2137 νίτιι,
1034 2045 1082 2126 ὡς
1115 2047 1164 2126 είς
1197 2042 1483 2144 τέσσαρας-290

260 2170 349 2271 μέρη
382 2175 601 2272 διαιρεῖσθαι,
631 2167 694 2248 διίο
721 2167 786 2267 μέν
813 2169 858 2248 τὰ
886 2169 1085 2272 σεμνότερα
1115 2172 1173 2246 καὶ
1203 2168 1361 2269 κρείττω,

222 2325 253 2375 ²9
262 2296 325 2376 δύο
353 2295 391 2375 δέ
414 2296 461 2376 τὰ
488 2298 638 2376 ἐναντία.
698 2298 771 2374 Καὶ
798 2293 864 2396 ὅρα
891 2295 941 2394 μή
964 2329 1052 2376 ποτε
1075 2293 1133 2374 διὰ
1157 2293 1294 2373 τούτων
1321 2292 1363 2373 τό

261 2420 326 2520 μέν
338 2420 429 2525 πρός
444 2420 623 2505 ἀνατολὰς
637 2426 695 2501 καὶ
712 2421 803 2524 πρὸς
817 2418 920 2501 νότον
938 2422 1002 2501 δύο
1015 2419 1182 2522 τάγματα
1196 2421 1362 2521 σημαίνει

260 2556 333 2628 τῶν
351 2553 413 2647 τῆς
432 2549 523 2628 κατὰ
541 2547 637 2629 θεὸν
654 2553 840 2652 προκοπῆς
857 2548 1132 2648 ἐπειλημμένον,
1152 2547 1189 2626 ἓν
1207 2545 1272 2647 μὲν
1289 2553 1384 2631 τῶνε

261 2677 299 2756 έν
323 2673 456 2777 γνιόσει
484 2679 541 2754 καὶ
571 2675 670 2783 λόγῳ
696 2678 755 2755 καὶ
780 2683 854 2757 τοῖς
879 2682 1017 2758 λοιποῖς
1041 2682 1105 2754 τοῦ
1131 2674 1227 2753 θείου
1250 2671 1358 2752 πνεό-

304 2828 387 2901 sint]
404 2828 460 2883 ἐπεὶ
475 2830 505 2886 P.
589 2827 830 2900 Υπεπληραμένην]
846 2828 1017 2902 πεπλήρωκεν
1030 2828 1062 2882 Ρ.
1158 2836 1169 2862 ¹
1185 2825 1298 2896 σχισθίν
1311 2827 1362 2898 γάρ

262 2911 331 2980 φησι
345 2911 389 2982 τὸ]
408 2907 561 2979 σχισθέντα·
584 2909 655 2981 φησί
667 2910 718 2981 γὰρ
731 2911 762 2962 τὸ
777 2909 808 2962 P.

263 3036 433 3110 significare,
456 3056 517 3110 quse
539 3045 634 3111 partes
655 3038 849 3094 adorientem
870 3036 957 3092 solem
979 3043 1140 3109 spectantes
1161 3035 1290 3108 ipsosque
1311 3051 1360 3088 su-

263 3133 335 3172 rorae
349 3116 520 3189 orientisque
535 3126 636 3191 gentes
650 3136 683 3173 so
697 3117 827 3174 nationes
838 3117 999 3191 complevit.
1030 3114 1188 3189 Porrigitnr
1198 3132 1265 3170 vero
1277 3113 1362 3170 etiem

154 3227 167 3250 .
263 3213 352 3269 usque
374 3195 410 3251 ed
431 3214 517 3262 mere,
533 3197 608 3271 quod
623 3207 667 3254 est
680 3199 716 3254 sd
730 3198 916 3262 occidentem,
932 3204 960 3253 et
980 3196 1015 3252 sd
1037 3195 1228 3268 insulasque
1250 3195 1279 3250 in
1301 3194 1362 3268 ipso

264 3283 340 3331 sunt.
384 3276 471 3332 Porro
495 3277 529 3333 ed
556 3285 682 3334 austrum
708 3297 818 3352 quoque
844 3297 876 3334 ao
902 3277 1049 3334 meridiem
1074 3275 1212 3350 pervenit,
1234 3275 1303 3332 item
1326 3274 1362 3330 ed

264 3355 423 3429 aquilonem
445 3365 475 3413 et
489 3358 713 3432 septentriones:
737 3359 772 3415 ed
792 3377 891 3414 omnes
912 3357 988 3414 enim
1005 3365 1100 3432 partes
1119 3364 1148 3412 et
1167 3355 1270 3428 ubique
1290 3373 1361 3428 gen·

264 3436 344 3501 tium,
370 3437 446 3511 quod
473 3437 594 3512 figurate
622 3439 798 3514 significetur
825 3437 941 3494 Domini
968 3437 1111 3500 olivetum,
1139 3455 1202 3510 quse
1229 3443 1273 3492 est
1301 3435 1362 3509 ejus

264 3517 392 3582 ecclesie,
408 3519 564 3592 plantatum
579 3528 632 3576 est.
676 3519 774 3576 Potest
788 3519 873 3576 etism
888 3517 943 3574 elio
960 3536 1053 3584 sensu.
1069 3535 1132 3592 quse
1146 3516 1266 3572 antebac
1280 3514 1362 3571 factes

264 3599 330 3664 sint,
346 3617 463 3673 quaeque
477 3601 561 3657 etism
577 3618 652 3657 nunc
666 3600 738 3656 fiunt
753 3599 781 3655 in
796 3599 914 3656 ecclesie
928 3597 1046 3664 Christi,
1057 3597 1207 3654 scissiones
1221 3603 1251 3652 et
1261 3606 1361 3658 seems

264 3680 439 3753 moralesque
460 3681 489 3736 in
504 3681 571 3744 vite.
587 3681 632 3736 ubi
647 3681 734 3736 scisse
748 3679 892 3752 divisaque
911 3686 964 3746 est,
979 3679 1074 3753 lapsus
1095 3677 1273 3752 significare:
1295 3674 1363 3730 dicit

263 3759 339 3815 enim
356 3767 471 3815 montem
484 3779 541 3818 esse
554 3761 734 3834 erepturum,
750 3759 891 3816 dimidium
906 3757 966 3830 ejus
978 3760 1165 3820 adorientem,
1180 3765 1207 3813 et
1221 3755 1362 3812 dimidium

263 3835 322 3908 ηἀι
342 3842 378 3894 nd
398 3857 493 3896 mare:
513 3841 726 3916 profunditates
749 3857 871 3913 ιιιαριιοπι
891 3839 1064 3902 vehementer,
1079 3846 1105 3894 et
1126 3839 1267 3892 ίιιοίὶιιαὸὶι
1283 3837 1362 3891 dimi·

264 3919 339 3972 ‹iium
361 3920 461 3974 ιιιοιιιίι
483 3923 520 3976 ad
541 3921 701 3993 aquilonem.
718 3929 744 3976 et
767 3921 906 3976 dimidium
928 3919 986 3991 ejus
1006 3921 1044 3975 ad
1063 3925 1197 3983 οαοινιιιιι,
1220 3923 1251 3972 nt
1272 3915 1312 3972 sic
1334 3915 1363 3970 in

265 4006 385 4070 quatuor
406 4007 499 4071 pestes
520 4001 609 4056 scindi
631 4001 767 4065 videatur,
785 3999 855 4056 dues
872 4000 984 4074 quidem
1007 4000 1151 4074 graviores
1173 4015 1206 4053 ee
1227 4002 1362 4070 praestan-

264 4077 361 4144 tiores,
381 4077 452 4135 dues
470 4087 564 4136 eutem
584 4081 757 4138 contraries:
779 4089 808 4136 et
829 4098 897 4137 sene
920 4080 984 4136 vide
1005 4097 1040 4136 ne
1063 4077 1135 4134 forte
1155 4077 1184 4133 in
1205 4077 1250 4132 his
1271 4073 1364 4131 verbis

264 4157 333 4211 illud
354 4159 430 4228 quod
451 4159 552 4215 dicitur
573 4162 608 4215 sd
630 4162 768 4217 orientem
792 4168 822 4216 et
843 4169 969 4216 austrum
994 4160 1065 4216 duos
1087 4157 1201 4213 ordines
1222 4155 1364 4230 significet

265 4252 361 4291 eorum
377 4236 424 4309 qui
443 4255 574 4292 successu
595 4257 627 4294 sc
648 4239 775 4310 profectu
793 4240 821 4295 in
842 4239 937 4296 divino
952 4239 1028 4295 cuitu
1042 4237 1169 4294 instincti
1184 4246 1260 4300 sunt,
1276 4253 1363 4292 unum
