3130 4722
247 204 311 274 786
696 208 882 274 EUSEBII
1325 221 1511 290 p.370-

144 406 147 412 ·
246 374 458 471 ἀποκείμενα
475 378 527 480 τῷ
543 376 854 483 προφητευομεύῳ.
914 381 1040 455 Ταῦτα
1065 373 1102 455 δὲ
1129 376 1257 471 ὁμοίως
1274 381 1349 457 τοῖς

245 495 518 596 Ἑβδομῆκοντα
537 503 594 578 καὶ
613 502 634 579 ὁ
654 504 857 582 θεοδοτίων
873 501 1106 604 ῆρμῆνευσεν·
1137 503 1158 580 ὁ
1177 498 1215 579 δὲ
1233 497 1343 580 Ἀκύ-

245 632 314 707 λας
338 634 466 705 τοῦτον
494 625 640 732 ε’ξέδωκε
660 625 734 706 1τὸν
759 625 904 730 τρόπον,
928 632 985 708 οὐιι
1010 631 1236 720 ἀναστήσεται
1256 624 1341 718 σκῆ-

246 788 343 856 ττροι
367 756 439 833 ἀπο
457 749 578 844 Ἰούδα,
608 761 667 834 καὶ
693 756 959 862 ἀκριβαζύρειις
982 753 1054 833 imi
1082 749 1213 859 μεταξῖι
1237 747 1345 831 τοδιῆι
1357 789 1387 822 ιο

206 881 359 970 ιοαύτοῧ,
390 877 452 963 icoc
482 882 524 959 ἀν
557 879 630 993 ἔλθῃ
665 889 725 960 καὶ
759 886 849 986 αὐτῷ
879 879 1037 984 σύστημα
1069 879 1172 958 macir.
1226 875 1345 956 Ἔνθα

245 1003 439 1107 λεγομένου
466 1014 540 1102 τοῦ,
560 1012 618 1087 οὐκ
646 1001 804 1114 εἰιλιίφει
833 1003 944 1113 ἀρχαι
968 1005 1003 1112 ἐξ
1021 1002 1143 1096 Ἰούδα,
1163 1004 1370 1084 πάλινόύο

243 1133 323 1231 περὶ
353 1140 416 1210 τοῦ
433 1133 560 1230 Ἰούδα,
580 1133 688 1212 αὐτοῦ
714 1132 758 1232 δὴ
785 1134 916 1212 ἐκείνου
942 1142 1007 1212 τοῦ
1032 1131 1177 1236 πρώτου
1204 1130 1342 1233 ἀνδρὸς,

243 1255 381 1336 ἀκούειν
409 1257 538 1358 δεήσει,
558 1256 683 1362 ὥσπερ
710 1259 789 1340 υύδέ
816 1255 994 1356 τδ,Ἰιύδιι
1016 1293 1055 1338 σι
1073 1257 1295 1340 111οιὶιείιιιισοιι
1314 1269 1342 1338 οἱ

242 1381 394 1493 ἀδελφοί
409 1425 479 1478 σου,
496 1392 554 1467 καὶ
572 1386 618 1468 τά
636 1389 729 1494 ἑξῆς,
747 1389 799 1468 ἐπ’
820 1391 951 1467 ἐκεῖνον
969 1386 1189 1491 1’ἀνεφέρετο
1230 1386 1365 1466 Πλεῖ-ο

243 1546 344 1596 στοις
372 1515 402 1591 δ
423 1514 485 1592 οὖν
508 1511 649 1618 χρόνοις
675 1514 844 1619 ἄρχοντες
872 1517 931 1591 καὶ
957 1511 1145 1615 ἡγούμενοι
1172 1519 1236 1590 τοῦ
1252 1513 1342 1590 Ἰου-

243 1640 351 1718 δαίων
369 1639 490 1724 ἔθνους
507 1639 746 1740 κατέστησαν,
764 1643 827 1720 οὐκ
847 1642 886 1718 ἐκ
903 1644 966 1737 τῆς
985 1637 1114 1718 ἐκείνου
1132 1645 1195 1716 τοῦ
1213 1635 1341 1738 ἀνδρὸς

203 1797 232 1846 ²7
243 1767 419 1868 διαδοχῆς.
480 1771 631 1868 Πρῶτος
662 1765 727 1862 μὲν
759 1763 831 1868 γὰρ
863 1769 1005 1854 Μωσῆς
1036 1762 1142 1846 αὐτὸς
1175 1762 1339 1864 ἡγήσατο

240 1897 304 1968 τοῦ
331 1899 432 1988 λαοῦ,
451 1890 502 1990 μὴ
528 1895 568 1972 ἐκ
593 1901 657 1971 τοῦ
673 1891 800 1988 Ἰούδα,
819 1892 902 1970 ἀλλ’
922 1893 961 1969 ἐκ
986 1898 1050 1969 τοῦ
1069 1890 1154 1969 Λευὶ
1171 1887 1338 1988 γεγονὼς,

239 2012 312 2094 εἶτα
335 2018 476 2117 Ἰησοῦς
503 2021 542 2097 ἐκ
571 2022 690 2124 φυλῆς
711 2021 881 2124 Ἐφραὶμ,
909 2015 991 2113 μεθ’
1017 2015 1058 2095 δυ
1085 2013 1193 2121 ἦρξεν
1221 2015 1378 2093 αὐτῶνΙο

239 2145 423 2247 Δεββιάρα
458 2147 497 2224 ἐκ
533 2149 653 2250 φυλῆς
683 2145 855 2250 Ἐφραὶμ,
890 2148 947 2223 καὶ
986 2141 1109 2245 Βαράκ
1145 2143 1184 2220 ἐκ
1217 2145 1336 2246 φυλῆς

239 2273 465 2374 Νεφθαλεῖμ,
483 2273 564 2368 μεθ’
586 2270 647 2353 οδς
673 2270 810 2350 Γεδεὼν
834 2273 873 2349 ἐκ
900 2273 1020 2375 φυλῆς
1047 2271 1248 2366 Μανασσῆ,
1267 2266 1367 2348 eir-d

236 2428 312 2474 ειτα
349 2398 369 2474 ὁ
406 2404 469 2476 τοῦ
508 2397 645 2476 Γεδεὼν
681 2404 775 2492 ταῖς,
806 2399 864 2476 καὶ
902 2397 976 2494 μετ’
1008 2395 1117 2474 αὐτὸν
1149 2394 1265 2473 θωλά
1296 2396 1336 2472 ἐκ

236 2526 356 2626 φυλῆς
373 2527 436 2621 τῆς
455 2524 573 2622 αὐτῆς,
592 2523 712 2602 ἔπειτα
729 2521 896 2616 Ἐσεβάιυ
913 2525 952 2601 ἐκ
972 2519 1148 2621 Βηθλεὲμ,
1167 2525 1226 2600 καὶ
1245 2519 1334 2619 μετά

234 2655 361 2728 τοῦτον
378 2648 503 2729 Αἶλάιν
520 2652 559 2728 ἐκ
582 2652 701 2754 φυλῆς
719 2647 952 2744 0Ζαβουλὼν,
971 2648 1090 2728 ἔπειτα
1114 2646 1272 2742 Λαβδὼν
1293 2649 1357 2726 ε’κο

274 2789 338 2849 ικαλ
352 2793 409 2866 τδν]
426 2795 466 2848 καὶ
479 2811 533 2848 om.
548 2794 579 2848 P.
704 2804 728 2834 ¹¹¹
743 2792 906 2865 αδνέσουσιν]
923 2792 1075 2847 οἶνὲσοισον
1088 2793 1119 2846 Ρ.
1147 2791 1286 2847 οἶνέσεσαν
1301 2792 1329 2846 S.

235 2883 250 2914 Β
265 2873 433 2946 ἀναφέροιτο]
448 2874 590 2945 ἀνεφέρετο
604 2873 634 2926 Ρ.
661 2872 806 2945 ἀναφέρετο
821 2874 849 2928 S.
945 2881 961 2912 ⁰
974 2870 1131 2943 Ζοβουλῶμ]
1147 2875 1287 2934 Ζαβουλὼν
1302 2872 1329 2926 S.

233 2954 280 3008 ubi
294 2972 348 3010 om.
364 2972 448 3026 unque
463 2955 497 3008 αδ
511 2955 573 3008 Δδν.

233 3085 266 3124 ac
288 3066 382 3130 duces.
397 3084 481 3139 quam
503 3065 631 3140 gentium
646 3064 740 3122 veniat
755 3065 923 3140 expectatio,
938 3073 968 3123 et
982 3085 1044 3140 quoe
1065 3065 1189 3140 reposita
1209 3072 1275 3122 sunt
1293 3065 1328 3130 ei,

233 3147 339 3220 dequo
360 3145 499 3221 propheta
519 3145 649 3220 loquitur.
692 3145 763 3202 Haec
777 3155 871 3203 autem
885 3146 1074 3221 interpretans
1088 3146 1278 3212 Theodotion‚
1294 3146 1329 3202 ab

232 3226 301 3301 ipsis
323 3245 380 3283 ixx
402 3244 459 3283 non
481 3226 584 3283 differt.
630 3226 730 3300 Aquila
744 3245 811 3284 vero
829 3227 858 3285 in
881 3227 956 3284 hunc
977 3229 1094 3284 modum
1115 3226 1256 3302 exposuit,
1276 3245 1329 3282 ιιοιι

231 3309 405 3365 suscitabitur
426 3315 561 3381 sceptrum
585 3305 726 3372 desuda,
751 3315 779 3363 et
802 3311 847 3382 qui
870 3309 1000 3381 exquisite
1022 3317 1165 3381 οορτιοσοοι
1188 3307 1329 3363 demedio

230 3392 329 3462 pedum
348 3388 416 3462 ejus,
432 3389 514 3444 donec
532 3387 623 3443 veniat
639 3395 665 3444 et
689 3389 741 3462 ίριὶ
760 3391 930 3462 οοιιρτοοαιὶο
949 3391 1122 3462 populorum.
1165 3387 1221 3444 Ubi
1242 3405 1329 3461 quum

232 3468 350 3538 dicatur,
365 3487 417 3526 ιιοα
431 3469 535 3543 deficiet
547 3469 673 3541 princeps
686 3469 719 3524 de
728 3469 812 3533 Iuda,
827 3469 882 3525 hoc
896 3469 963 3525 item
979 3487 1036 3524 non
1051 3467 1086 3524 de
1100 3469 1161 3542 ipso
1175 3467 1224 3524 illo
1238 3467 1328 3541 primo
1442 3465 1446 3474 “

229 3549 306 3607 Juda
319 3557 432 3624 oportet
446 3548 581 3622 accipere,
597 3547 669 3603 sicut
683 3566 735 3604 nec
749 3547 827 3611 illud,
843 3549 919 3605 Juda
941 3557 966 3606 te
986 3549 1140 3604 laudabunt
1151 3547 1261 3622 fratres
1277 3551 1327 3611 tui,

230 3648 282 3687 nec
302 3649 363 3704 quae
388 3639 543 3703 sequuntur
564 3627 599 3683 nd
621 3627 741 3684 eundem
763 3628 842 3684 illum
862 3628 959 3686 referri
978 3638 1113 3704 possunt:
1135 3627 1231 3685 multis
1252 3628 1327 3684 enim

229 3711 339 3767 saecuiis
353 3709 494 3785 principes
508 3726 541 3764 αο
555 3707 640 3764 duces
659 3708 688 3764 in
702 3707 822 3764 Judaica
842 3717 928 3782 gente
950 3709 1114 3773 extiterunt,
1129 3707 1176 3782 qui
1198 3707 1233 3764 de
1253 3707 1327 3764 illius

228 3789 281 3847 viri
305 3809 410 3864 genere
432 3788 549 3864 profecti
575 3806 632 3843 non
657 3795 731 3844 sunt.
775 3787 888 3845 Primus
912 3807 1033 3862 namque
1055 3790 1117 3866 ipse
1141 3789 1240 3845 Moses
1268 3788 1327 3844 dux

227 3871 323 3943 populi
338 3871 403 3933 fuit.
415 3870 462 3944 qui
476 3887 533 3925 non
549 3867 584 3924 de
598 3867 617 3923 J
621 3866 683 3932 uda,
699 3867 749 3924 sed
764 3868 799 3926 de
810 3869 880 3926 Levi
894 3879 978 3926 natus
993 3877 1053 3926 est:
1076 3868 1179 3926 deinde
1192 3868 1277 3925 Jesus
1291 3868 1327 3925 de

227 3949 303 4004 tribu
318 3949 460 4022 Ephraem,
474 3956 540 4022 post
553 3966 636 4022 quem
653 3948 764 4021 praesuit
777 3949 910 4006 Debbora
924 3951 959 4006 de
974 3949 1048 4005 tribu
1063 3950 1130 4006 item
1147 3948 1288 4022 Epium,
1297 3957 1328 4004 et

229 4029 317 4084 Barac
337 4027 371 4084 de
392 4029 468 4084 tribu
493 4027 691 4102 Nephthnlim,
707 4037 772 4102 post
792 4048 875 4102 quem
898 4029 1017 4086 Gedeon
1039 4029 1075 4086 de
1093 4030 1168 4086 tribu
1182 4027 1326 4093 Marianae,

227 4105 329 4162 deinde
353 4106 428 4163 filius
448 4107 576 4173 Gedeon,
598 4117 628 4164 et
644 4116 712 4181 post
737 4108 812 4166 hunc
832 4109 925 4166 Thola
945 4111 980 4167 de
1002 4110 1100 4166 eadem
1122 4108 1208 4175 tribu,
1225 4116 1327 4182 postea

227 4182 340 4239 Esebon
361 4203 397 4240 ex
418 4183 575 4248 Bethleem,
595 4195 624 4241 et
647 4196 713 4260 post
734 4188 810 4244 hunc
832 4187 919 4245 Ailou
942 4189 1073 4245 detribu
1094 4187 1232 4251 Zabulon,
1250 4188 1326 4244 hunc

226 4268 339 4318 secutus
354 4270 398 4318 est
411 4261 530 4317 Labdou
545 4263 580 4318 de
594 4264 669 4320 tribu
685 4266 827 4338 Ephroem,
840 4268 941 4325 deinde
953 4267 1094 4343 Sampson
1109 4267 1234 4326 detribu
1251 4268 1325 4334 Dan,
