3132 4714
254 235 319 304 osa
701 241 890 308 sussen
1331 263 1361 325 p.
1374 259 1500 325 331-

254 402 349 476 Θεοῦ
381 401 688 499 κατευθυνομένων
719 402 930 503 θεσπίζεται,
960 404 1017 480 καὶ
1049 408 1161 480 ταῦτα
1190 396 1395 499 ποιήσεινιο

253 521 328 622 ἅμα
354 529 399 629 τῇ
428 526 536 606 αὐτοῦ
565 526 713 627 γενέσει,
736 526 879 634 ἀρρήτῳ
907 530 966 606 καὶ
995 527 1101 633 ε’νθέῳ
1130 525 1284 625 δυνάμει,
1303 525 1353 604 ἔτι

254 649 455 751 νηπιάζοντι
483 651 626 751 σώματι
653 660 814 732 τοσαῦτα
838 656 876 732 ἐν
903 653 1102 754 ἀνθρώποις
1125 651 1384 752 ὀἷκονομού-ιι

201 813 247 850 ιιο
254 809 370 874 μενον.
428 777 556 858 Πάντα
585 776 763 858 δὲταῦτα
792 781 812 859 ὁ
839 775 1027 884 προφήτης
1054 780 1093 856 ἐν
1116 775 1216 883 τόμιρ
1246 783 1355 882 καινῷ

254 903 312 980 καὶ
331 901 480 1009 μεγάλῳ
499 908 644 1008 “γραφῇ
662 908 882 1008 παραδοῦναι
900 903 1090 1005 ἀνθρώπου
1113 901 1352 1007 προστάσσε-

253 1060 321 1122 ται,
349 1037 477 1108 τοῦτον
504 1031 562 1108 καὶ
589 1032 653 1128 τῆς
685 1033 806 1126 καινῆς
838 1027 1007 1128 διαθήκης
1039 1027 1260 1127 δηλουμένης
1291 1026 1377 1106 rbus

253 1151 397 1256 τρόπον.
454 1153 838 1256 Προσπαραλαμβιίνει
862 1153 899 1236 δὲ
918 1160 990 1234 τῶν
1008 1154 1199 1256 είρημεῦιυν
1215 1153 1351 1255 μάρτυ-

252 1313 318 1382 ρος
337 1279 429 1382 ἱερέα
446 1285 504 1360 καὶ
527 1279 731 1386 προφήτην,
749 1288 813 1359 τοῦ
838 1279 953 1382 λόγου
976 1278 1215 1374 παιδεύοντος,
1234 1282 1280 1364 ὡς
1300 1279 1355 1360 ὅτι

254 1401 373 1504 δεήσει
397 1407 435 1484 ε’ν
456 1412 533 1489 ταῖς
558 1407 766 1513 ἀποδειξεσι
792 1415 870 1490 ταῖς
896 1411 978 1509 περὶ
1006 1414 1071 1487 τοῦ
1098 1411 1263 1508 Χριστοῦ
1291 1404 1356 1489 τὰς

169 1629 173 1636 ¹
253 1529 324 1611 ἀπὸ
348 1534 411 1630 τῆς
436 1530 589 1639 ἐννόμῳ
614 1533 808 1636 ἱερουργίας
837 1536 895 1613 καὶ
922 1539 995 1614 τῶν
1012 1531 1102 1631 μετὰ
1127 1540 1239 1612 ταῦτα
1259 1565 1351 1634 προ·

254 1663 379 1765 φητιῦν
397 1660 590 1760 μαρτυρίας
607 1658 917 1763 παραλαμβάνειν·
947 1657 1098 1742 πιστοῦς
1122 1657 1160 1738 δὲ
1185 1657 1355 1754 βούλεται
1367 1693 1397 1726 10

253 1786 311 1864 καὶ
330 1787 455 1868 ἄλλως
477 1783 658 1887 μάρτυρας
676 1781 764 1865 εἶναι
787 1785 870 1870 τοῦς
892 1783 958 1884 τὴν
974 1785 1116 1886 γε’νεσιν
1133 1792 1197 1864 τοῦ
1223 1790 1353 1884 δηλου-

253 1909 360 2008 μεῦου
388 1911 530 1990 παιδίου
562 1910 766 2008 με’λλοντας
799 1913 1014 2007 ἐποπτεύειν,
1042 1917 1090 1994 εἰς
1123 1909 1165 1991 τὸ
1198 1911 1356 1992 συνιέναι

202 2036 430 2116 ιιιδύνασθαι
458 2034 504 2115 roi
527 2035 834 2143 προφητευύμενα.
893 2037 973 2118 'abr
990 2037 1060 2142 γῦιρ
1078 2035 1125 2143 μή
1144 2038 1354 2130 πιστεύσητε,

971 2165 982 2194 λ
1027 2163 1038 2188 ⁸
1116 2162 1127 2192 b

256 2156 326 2243 ιῦδέ
349 2161 398 2267 μή
424 2160 546 2257 sarire,
565 2163 708 2266 ε’λέγετο
733 2165 907 2266 ἀνωτέρω,
926 2198 985 2244 και
1002 2198 1066 2243 τον
1083 2198 1148 2263 μεν
1167 2162 1259 2269 ἔχειν
1277 2169 1355 2269 φῶς
1367 2201 1395 2250 ¹⁵

256 2292 363 2384 Θεοῦ,
383 2287 513 2396 (τοῦτο
539 2288 610 2392 γὰρ
637 2292 658 2370 ὁ
684 2293 820 2394 Οὐρίας
847 2290 1105 2397 ἑρμηνεύσας)
1126 2287 1189 2370 τὸν
1215 2288 1252 2369 δὲ
1280 2286 1474 2378 vibam-332

256 2414 343 2494 ὄντα
369 2417 534 2517 εὐλογίας
561 2418 627 2516 τήν
651 2417 793 2519 μνήμην
814 2425 879 2498 τοῦ
894 2423 990 2498 θεοῦ
1017 2419 1054 2497 ἐν
1079 2420 1192 2523 ἑαυτῷ
1219 2415 1351 2521 φέρειν·

257 2540 387 2649 (τοῦτο
423 2541 496 2646 γὰρ
533 2545 591 2624 καὶ
632 2545 652 2624 ὁ
688 2553 752 2625 τοῦ
784 2543 966 2647 Βαραχίου
1000 2543 1181 2646 Ζαχαρίας
1211 2543 1353 2647 δηλοῖ.)

312 2675 438 2750 Ταῦτα
460 2670 525 2768 μὲν
543 2673 606 2752 οὖν
623 2677 671 2756 εἰς
688 2671 770 2754 τοῦς
788 2668 920 2755 τόπους
939 2670 1038 2769 ἡμεῖς
1055 2667 1378 2767 ἐπιβεβλήκαμεν·ε

203 2803 287 2878 11ιεί
311 2796 354 2876 δέ
374 2831 427 2882 τις
453 2805 525 2878 τῶν
543 2800 580 2878 ἐκ
604 2801 796 2901 περιτομῆς
820 2798 862 2876 ού
885 2805 998 2876 ταῦτα
1020 2797 1131 2878 οὕτως
1152 2794 1245 2899 ἔχειν
1262 2793 1350 2890 βού-

339 2965 354 2997 ¹
368 2956 591 3031 οἰκονομούμενοι]
610 2958 823 3030 οἱκανομούμενον
837 2960 867 3015 Ρ.
959 2969 973 3001 ³
987 2957 1092 3030 γραφῇ]
1111 2956 1142 3011 F·
1156 2956 1274 3028 γραφῖδι.

257 3109 366 3156 eorum,
381 3092 427 3164 qui
448 3091 541 3147 aDeo
562 3091 732 3167 diriguntur,
747 3093 874 3150 canitur:
897 3101 983 3168 atque
1003 3093 1065 3150 haec
1088 3091 1150 3168 ipsa
1169 3091 1199 3147 in
1220 3100 1284 3148 ortu
1305 3109 1357 3146 suo

257 3169 384 3227 facturus
406 3171 434 3226 vi
458 3173 579 3245 quadam
604 3173 699 3229 divina
723 3183 807 3248 atque
832 3173 975 3238 ineffabili,
1001 3172 1048 3247 qui
1072 3173 1185 3247 quidem
1210 3172 1301 3228 adhuc
1327 3171 1356 3226 in

257 3250 359 3326 puerili
382 3269 500 3325 corpore
521 3253 692 3310 constitutus
712 3262 793 3311 tante
817 3255 890 3311 inter
912 3253 1041 3311 homines
1065 3252 1274 3327 dispensatione
1293 3252 1356 3308 fuu-

258 3339 351 3406 getur.
394 3332 500 3388 Omnia
513 3351 582 3389 vero
595 3333 656 3390 baec
677 3335 816 3409 propheta
837 3335 866 3391 in
883 3353 959 3391 novo
974 3343 1003 3391 et
1017 3333 1119 3409 grandi
1139 3333 1211 3390 libro
1232 3333 1307 3408 stylo
1327 3341 1357 3388 et

258 3413 405 3487 scripturus
418 3413 540 3470 hominis
555 3413 666 3471 tradere
684 3415 820 3488 jubetur:
842 3416 898 3472 hoc
911 3415 986 3472 enim
1002 3433 1133 3472 sermone
1146 3433 1253 3471 novum
1268 3413 1355 3488 signi·

258 3493 359 3551 ficator
373 3502 584 3551 testamentum.
627 3495 755 3552 Assumit
769 3504 863 3552 autem
883 3513 993 3558 eornm.
1008 3514 1071 3570 quae
1090 3494 1166 3551 dicta
1179 3503 1254 3560 sunt,
1269 3501 1357 3550 testes

259 3575 435 3632 sacerdotem
450 3584 478 3632 et
492 3575 670 3649 prophetam,
686 3577 800 3633 oraculo
821 3577 953 3641 docente,
968 3576 1029 3632 fore
1043 3593 1115 3650 opus
1135 3576 1165 3632 in
1180 3575 1354 3632 demonstra·

258 3655 383 3712 tionibus
398 3655 433 3712 de
447 3655 562 3712 Christo
576 3665 638 3712 tum
653 3675 670 3713 a
684 3657 850 3720 sacerdotio,
866 3657 942 3731 quod
959 3656 987 3712 in
1001 3656 1066 3731 lege
1081 3655 1250 3721 continetur.
1265 3663 1325 3711 tum
1339 3672 1357 3709 a

258 3735 414 3809 prophetia.
430 3736 477 3810 qui
492 3744 591 3810 postea
604 3737 726 3800 fuerunt,
741 3737 869 3810 accipere
887 3736 1066 3794 testimonia:
1087 3743 1117 3793 et
1138 3735 1241 3809 alioqui
1260 3734 1357 3792 fideles

258 3814 320 3872 vult
333 3834 395 3872 esse
409 3825 508 3881 testes,
523 3835 573 3873 eos
594 3817 641 3891 qui
663 3815 750 3890 pueri,
766 3816 802 3872 de
818 3837 873 3891 quo
895 3817 998 3892 agitur,
1014 3817 1167 3890 inspecturi
1182 3817 1239 3872 siut
1253 3823 1357 3878 ortum,

258 3903 290 3950 ut
304 3913 346 3961 ea,
362 3915 423 3970 quie
438 3897 467 3953 in
484 3896 544 3970 ipsa
558 3896 913 3970 prophetiacontinentur,
929 3896 1089 3970 intelligere
1102 3895 1223 3974 possint.
1266 3894 1358 3968 Supra

258 3973 334 4030 enim
356 3976 511 4044 dicebatur,
525 3980 548 4032 si
562 3995 614 4033 υοιι
629 3978 804 4044 credideritis,
818 3997 871 4034 aaa
887 3977 1052 4054 intelligetis,
1067 3986 1096 4033 et
1109 3977 1229 4033 alterum
1244 3975 1357 4049 quidem

258 4053 353 4110 lumen
380 4055 436 4110 Dei
458 4056 580 4114 habere:
613 4057 642 4114 id
667 4058 742 4114 enim
768 4057 851 4114 Urias
874 4075 911 4114 ex
935 4055 1167 4131 interpretatione
1195 4055 1355 4130 siguificat:

258 4133 377 4189 aiterum
396 4152 472 4197 vero.
491 4137 537 4209 qni
560 4136 764 4195 benedictionis
786 4139 823 4195 sit
845 4138 928 4202 filius,
947 4139 1001 4195 Dei
1023 4138 1052 4194 iu
1075 4137 1168 4211 seipso
1191 4133 1357 4192 memoriam

258 4211 340 4266 ferre.
385 4211 419 4267 Id
439 4213 513 4268 enim
537 4215 590 4270 sibi
609 4218 670 4274 vult
688 4217 831 4274 Barachiae
851 4218 1012 4274 Zacharias.
1057 4217 1127 4273 Haec
1149 4216 1236 4291 igitur
1254 4233 1307 4272 nos
1328 4215 1357 4270 in

259 4289 365 4362 figuras
387 4291 576 4363 conjecimus:
599 4295 622 4350 si
644 4298 706 4369 quis
727 4305 821 4353 autem
841 4317 876 4354 ex
898 4297 1005 4354 Judaeia
1025 4297 1079 4354 hoc
1101 4297 1173 4352 nolit
1192 4296 1232 4352 sio
1254 4315 1284 4352 se
1305 4295 1357 4350 ba·
