3120 4716
256 259 321 324 εις
702 253 888 320 uusuuu
1335 271 1494 336 uuu-

90 430 196 502 εὐαγηέ-
255 415 274 484 ὁ
293 414 375 490 Θεός
392 443 462 496 σον,
481 415 520 489 ὡς
537 413 602 496 iul·
621 415 720 484 αὑτοῦ
737 413 916 483 ἀκούσεσθε
932 409 1017 482 κατὰ
1034 409 1146 480 πιίντα
1162 411 1227 480 ὅσα
1244 412 1358 504 ᾐτήσω

90 513 147 643 2⁴⁰⁹
159 512 207 607 ὀἳ
255 525 347 623 παρὰ
365 526 490 623 Κυρίου
505 533 566 598 τοῦ
583 526 669 597 θεοῦ
690 557 752 597 σον
773 529 805 595 ἐν
822 525 965 620 Χωρήβ,
980 531 1023 617 τῇ
1044 524 1144 620 ήμέρᾳ
1167 532 1225 606 τής
1245 526 1357 606 ε’κκλη-

90 610 208 736 ,ορήῖήὶυ
255 641 339 724 σίας,
356 641 524 731 λέγοντες,
542 641 593 710 Oi
614 645 850 736 προσθήσομεν
876 640 1011 710 ἀκοῦσαι
1031 646 1089 720 ‘riu
1107 643 1214 734 φωνῆς
1231 637 1379 732 Κνρίονς

91 749 159 804 ⁰5⁰⁸·
253 761 315 825 τοῦ
332 754 418 824 θεοῦ
434 759 529 838 ήμῶν,
543 756 594 825 καί
616 753 658 826 τὸ
675 762 739 848 πῦρ
757 753 800 825 τὸ
817 755 906 844 μίγα
922 759 1025 824 τοῦτο
1042 753 1097 822 οῦκ
1115 749 1275 843 ὀψόμεθα
1291 753 1354 834 ἔτι,

252 867 325 937 olii
344 869 388 950 μή
412 866 633 952 ἀποθάνωμεν·
660 869 712 938 καί
731 868 800 938 είπε
819 868 939 963 Κιίριος
956 866 1039 962 πρός
1055 897 1106 948 με,
1124 869 1227 962 ὀρθῶς
1243 863 1355 934 πάντα

252 982 317 1051 ὅσα
341 979 518 1066 ἐλάλησαν,
536 986 714 1078 προφήτην
738 984 771 1051 ἐκ
796 987 862 1052 τῶν
887 980 1040 1078 ἀδελφῶν
1056 981 1159 1050 αῦτῶν
1177 981 1356 1060 ἀναστήσω

252 1097 361 1172 αὐτοῖς
377 1095 490 1192 ιίίσπίρ
507 1128 557 1180 σε,
574 1097 625 1167 καί
644 1096 735 1167 δώσω
752 1095 794 1168 τῦ
810 1093 898 1192 ῥῆμᾶ
915 1127 978 1178 μου
994 1098 1036 1172 είς
1052 1093 1096 1167 τῦ
1113 1095 1225 1176 στόμα
1243 1097 1354 1176 αῦτοῦ,
1370 1118 1400 1152 ¹0

251 1211 304 1281 καί
332 1216 472 1294 λαλήσει
498 1213 608 1288 αῦτοῖς
636 1214 714 1282 καθ’
739 1212 760 1282 li
785 1244 821 1283 τι
846 1211 886 1283 dv
915 1212 1103 1288 ε’ντείλωμαι
1130 1211 1229 1300 αῦτζῦ,
1254 1209 1307 1279 καί
1335 1211 1353 1278 ὁ

252 1324 422 1421 ἄνθρωπος
445 1325 479 1402 ῦς
505 1324 559 1395 ς’ῦν
585 1326 628 1408 μή
652 1326 773 1418 ἆκοιίση
798 1323 907 1395 πάντα
932 1325 997 1395 ὅσα
1014 1323 1069 1394 ε’ῦν
1084 1329 1216 1418 λαλήση
1234 1324 1252 1392 ὁ
1270 1353 1356 1419 προ·

253 1445 362 1536 φήτης
378 1442 431 1510 ε’πί
448 1447 496 1531 τῷ
514 1440 654 1524 ὀνόματί
669 1470 742 1522 μου,
761 1440 826 1531 ε”γιῦ
844 1437 996 1521 ἐκδικήσω
1013 1437 1051 1531 ἐξ
1066 1440 1174 1509 αῦτοῦ.
1363 1443 1386 1504 d

230 1604 243 1638 ν
307 1570 535 1670 Ἐπίσιησον
560 1569 614 1648 ὅτι
641 1573 761 1668 μηδεὶς
785 1570 869 1670 παρ’
888 1568 1070 1669 Ἑβραίοις
1091 1573 1226 1646 Μωσεΐ
1239 1601 1354 1668 παρα-

252 1695 408 1792 πλήσιος
436 1690 625 1797 προφήτης
653 1689 850 1792 ἐγήγερται,
875 1691 1040 1769 τουτέστι
1067 1691 1267 1788 νομοθέτης,
1296 1691 1355 1766 καὶ

252 1819 433 1910 εὐσεβείας
465 1816 664 1918 ἀνθρώποις
699 1813 902 1916 εἰσηγητὴς,
934 1813 957 1914 ἢ
995 1812 1102 1911 μόνος
1134 1817 1155 1892 ὃ
1187 1815 1376 1914 ἡμίτεροςε

254 1940 391 2042 Σωτὴρ,
411 1943 430 2019 ὁ
457 1941 619 2042 Χριστὸς
635 1949 698 2020 τοῦ
717 1947 823 2020 Θεοῦ.
884 1939 984 2042 Πρὸς
1002 1949 1090 2041 γοῦν
1107 1946 1159 2045 τῷ
1177 1937 1271 2018 τέλει
1290 1947 1354 2018 τοῦ

253 2066 530 2168 Δεντερονομίον
546 2067 697 2166 λέγεται,
713 2072 772 2145 οὐκ
790 2065 908 2158 ἀνίστη
928 2067 973 2144 ίτι
993 2067 1160 2170 προφήτης
1175 2067 1204 2144 ἑν
1218 2063 1355 2169 Ἰσραήλ

253 2196 297 2276 ὡς
318 2191 456 2283 Μωσῆς·
495 2195 553 2270 καὶ
578 2191 651 2290 μὴν
673 2193 789 2293 μυρίοι
815 2196 998 2296 προφῆται
1026 2189 1117 2286 μετὰ
1143 2198 1269 2268 τοῦτον
1296 2225 1356 2289 γεω

230 2316 414 2416 ςγόνασιν,
434 2317 534 2395 ἀλλὰ
558 2317 624 2419 οὐχ
649 2321 696 2398 ὡς
725 2317 840 2398 αὐτός.
893 2314 1015 2395 Ὄλον
1042 2314 1080 2394 δὲ
1107 2323 1212 2394 τοῦτο
1240 2316 1262 2414 ἡ
1289 2325 1354 2394 τοῦ
1366 2360 1397 2395 ιο

254 2446 348 2520 θεοῦ
374 2441 570 2546 ὑπόσχεσις
593 2440 866 2543 ἐπαγγέλλεται,
886 2443 948 2520 ἕνα
975 2441 1065 2538 τινὰ,
1088 2443 1165 2544 οῦχὶ
1189 2439 1227 2520 δὲ
1254 2454 1349 2520 πολ-

254 2567 350 2663 λοῦς,
368 2570 427 2645 καὶ
455 2567 577 2664 ὅμοιον
605 2565 824 2666 ἀναστήσειν
852 2568 959 2672 αὐτῷ.
1019 2574 1142 2665 Δηλοῑ
1163 2565 1200 2645 δὲ
1227 2575 1355 2645 τοῦτον

254 2693 447 2792 νομοθέτην
480 2697 538 2772 καὶ
569 2693 750 2786 εὐσεβείας
785 2691 983 2793 ἀνθρώπων
1018 2691 1248 2787 διδάσκαλον,
1279 2689 1353 2774 οἷος

254 2819 361 2916 μόνος
386 2821 405 2896 ὁ
429 2818 555 2920 Σωτὴρ
576 2821 634 2897 καὶ
663 2816 794 2919 Κύριος
816 2818 915 2915 ἡμῶν
932 2819 1075 2915 Ἰησοῦς
1092 2816 1275 2918 ιΧριστὸς
1293 2819 1352 2896 καὶ

659 2971 675 3004 ⁸
688 2963 815 3035 Χριστὸς]
836 2964 851 3015 ό
863 2958 903 3030 x't‘
919 2963 946 3016 S.

254 3092 304 3137 me,
321 3073 398 3128 illum
411 3075 525 3129 audietis
539 3077 566 3130 iu
580 3074 704 3130 omuibus
718 3091 880 3147 quecunque
899 3073 1046 3147 portula-tii
1058 3093 1077 3128 o
1092 3071 1214 3129 Domino
1228 3073 1291 3129 Deo
1305 3081 1352 3130 tuo

255 3152 284 3209 ιἰι
301 3153 403 3209 Choreb
417 3156 445 3209 iu
459 3155 504 3208 die
516 3156 651 3209 concionis
663 3155 789 3217 diceutes,
808 3154 869 3209 Nou
885 3153 960 3210 ultro
973 3154 1115 3208 audiemus
1134 3171 1222 3209 uocem
1237 3153 1353 3208 Domini

256 3232 313 3289 Dei
335 3235 431 3300 nostri,
455 3241 481 3288 et
503 3236 589 3306 iguem
613 3234 684 3290 ltuuc
706 3236 837 3307 ρταπιὶενι
861 3251 914 3289 nou
941 3234 1087 3289 uidebimus
1114 3235 1242 3306 amplius,
1267 3251 1352 3306 neque

254 3316 405 3377 moriemur,
420 3321 446 3369 et
460 3316 528 3370 dicit
543 3313 679 3370 Dominus
692 3314 792 3375 adme,
807 3321 879 3370 recte
899 3316 988 3368 omuio
1010 3315 1093 3368 locuti
1106 3319 1176 3376 suut,
1190 3313 1351 3386 propdctom

254 3411 287 3448 eu
298 3392 442 3467 frutribus
454 3395 571 3468 ipsorum
585 3393 719 3450 suscitabo
733 3395 770 3448 eiu
783 3394 853 3449 sicut
868 3401 903 3458 te,
917 3400 944 3450 et
957 3391 1027 3449 dabo
1041 3394 1152 3448 verbum
1167 3409 1254 3449 uicum
1273 3393 1302 3448 iu
1323 3411 1353 3448 οι

253 3472 320 3544 ejus,
335 3481 362 3529 et
378 3473 504 3548 loquetur
517 3476 557 3530 eir
569 3475 715 3529 secuudum
729 3473 905 3546 quodcunque
923 3489 1075 3546 precepero
1090 3473 1140 3536 ilii,
1155 3480 1181 3528 et
1202 3475 1353 3545 quicunque

253 3553 332 3610 ltomo
345 3571 399 3609 uon
413 3554 533 3609 audierit
545 3555 633 3609 omnio
650 3569 815 3626 quecunque
835 3555 960 3624 loquetur
975 3551 1111 3625 propbeta
1131 3553 1178 3607 ilic
1198 3554 1226 3607 iu
1247 3553 1353 3607 nomine

252 3651 318 3699 uteo,
334 3651 382 3708 eoo
398 3636 512 3689 ulciscur
526 3651 559 3688 ισ
572 3649 612 3688 eo.
645 3631 847 3688 Animadverte
861 3631 1013 3706 diligenter
1027 3639 1058 3687 ut
1072 3631 1165 3688 nullus
1179 3632 1262 3704 plane
1276 3632 1352 3704 upud

253 3711 392 3769 Hebraeos
418 3713 496 3768 Moti
521 3711 618 3768 similis
641 3711 781 3786 propheta
803 3711 963 3778 surrexerit,
983 3711 1040 3767 hoc
1063 3721 1114 3776 est,
1135 3712 1231 3784 quiet
1252 3711 1350 3785 legum

252 3793 356 3850 author
369 3801 398 3849 et
412 3792 524 3866 pietatis
543 3792 616 3865 apud
636 3791 765 3846 homiues
785 3791 963 3848 introductor
979 3791 1114 3854 extiterit,
1129 3791 1184 3846 uiti
1199 3809 1271 3846 unus
1285 3789 1349 3846 Sul·

252 3879 334 3928 vator
348 3881 445 3928 noster
459 3872 591 3929 Christus
606 3871 670 3927 Dei.
698 3872 797 3944 Itaque
812 3871 841 3926 in
855 3871 912 3927 fine
929 3871 1143 3928 Deuteronomii
1156 3871 1270 3945 legitur,
1286 3871 1350 3926 Nou

252 3954 371 4007 iuuerit
390 3955 464 4009 ultro
474 3952 609 4026 propheto
624 3952 652 4008 ιἰι
665 3950 757 4007 Itroel
768 3951 838 4006 sicut
854 3951 962 4008 Mores:
984 3969 1050 4006 num
1064 3951 1118 4007 etei
1131 3950 1350 4007 innumerabiles

252 4029 398 4102 prophetae
411 4043 476 4103 poet
490 4032 567 4087 illum
582 4031 746 4094 extiterunt,
761 4037 862 4086 utnon
876 4039 971 4086 tumen
986 4030 1058 4088 sicut
1073 4031 1129 4087 ille.
1160 4031 1265 4086 Totum
1281 4047 1350 4086 vero

251 4108 307 4164 hoc
327 4109 388 4181 ipsu
404 4109 458 4164 Dei
473 4110 637 4182 pollicitatio
655 4110 803 4185 complexu
817 4120 869 4174 est,
886 4111 988 4185 quippe
1009 4129 1071 4183 quae
1091 4129 1179 4167 unum
1201 4111 1350 4166 dumtaxat

252 4203 310 4239 non
324 4185 437 4247 multoe,
452 4195 481 4240 et
495 4189 616 4244 eundem
637 4190 757 4245 similem
778 4190 818 4244 illi
839 4191 1031 4246 suscitandum
1051 4191 1208 4263 promittat.
1251 4189 1348 4264 Sigui-

253 4261 318 4316 fiout
332 4271 426 4316 autem
440 4263 516 4317 hunc
530 4274 560 4319 et
573 4267 668 4339 legum
689 4269 837 4324 authorem
858 4279 888 4326 et
906 4269 1020 4343 pietatis
1041 4269 1115 4342 upud
1136 4270 1266 4327 homines
1288 4287 1349 4325 mu·
