3120 4716
60 277 196 341 -444
458 265 685 332 DEMONST.
709 267 880 334 EVANG.
902 272 969 335 IX.
990 292 1040 335 11.
1251 275 1316 340 879

209 420 288 500 οὐδὲ
315 422 431 506 ἄλλος
458 424 706 523 ἀναδέδεικται,
726 427 916 524 νομοθέτης
935 430 1024 526 ὁμοῦ
1043 432 1101 508 καὶ
1126 428 1431 533 recutitorum

183 555 273 628 ιτοῦ
288 554 361 628 τῶν
379 547 477 628 ὅλων
495 553 591 628 Θεοῦ
609 554 668 630 καὶ
684 552 821 653 πατρὸς
837 553 948 632 αὐτοῦ
967 553 1166 654 γενόμενος.
1203 556 1311 633 Ἀλλ’

208 671 316 770 ὁμέν
337 673 459 757 έθνους
483 673 559 758 ἑνὸς
586 679 606 754 ὁ
631 673 799 776 ἱ’Μωσῆς
826 675 1001 778 ἡγήσατο,
1019 681 1078 758 καὶ
1097 677 1313 778 κατάλληλα

209 796 247 877 δὲ
275 798 390 906 τούτῳ
419 797 518 907 μόνῳ
547 803 626 906 οὐχὶ
656 801 694 880 δὲ
724 806 782 882 καὶ
812 804 939 887 ἅλλοις
966 805 1084 884 ἔθνεσι
1113 811 1336 902 νομοθετῶνε

209 924 461 1004 ἀποδέδεικται·
495 929 514 1004 ὁ
537 927 581 1005 δέ
593 960 635 1026 γε
655 928 816 1030 Χριστὸς
834 935 899 1006 τοῦ
917 933 1023 1024 Θεοῦ,
1042 927 1170 1023 λαβὼν
1196 931 1309 1030 ἐπαγ-

209 1049 335 1147 γελίαν
367 1049 466 1152 παρὰ
493 1059 557 1130 τοῦ
584 1050 722 1153 πατρὸς
748 1051 815 1151 τὴν
845 1055 985 1143 αἴτησον
1020 1059 1101 1160 παρ’
1130 1055 1220 1153 ἐμοῦ,
1252 1053 1316 1134 καὶ

209 1168 305 1251 διίσιο
324 1211 376 1253 σοι
398 1175 461 1268 ἔθνη
479 1173 534 1268 την
561 1179 775 1282 κληρονομίαν
793 1213 863 1266 σου,
885 1179 932 1260 ὡς
957 1175 1001 1255 ἂν
1022 1177 1071 1276 μὴ
1097 1179 1207 1274 μόνον
1224 1181 1313 1258 Ἰου-

209 1298 328 1394 δαίοις,
347 1299 448 1377 ἀλλὰ
472 1302 531 1378 καὶ
557 1306 608 1408 τῷ
632 1304 740 1380 παντὶ
762 1308 836 1379 τῶν
859 1302 1057 1404 α’νθροίττων
1074 1307 1167 1402 γένει
1193 1304 1312 1387 καινὸς

209 1423 400 1518 νομοθέτης
429 1426 611 1520 εὐσεβείας
642 1424 710 1505 riri
743 1436 807 1506 τοῦ
839 1426 975 1530 πατρὸς
1005 1433 1236 1526 καταστῆναι,
1265 1433 1341 1534 τῇο

208 1546 353 1628 πάντων
377 1558 450 1630 τῶν
477 1553 589 1630 ἐθνῶν
616 1550 745 1651 κλήσει
767 1551 920 1651 δυνατὴν
941 1556 999 1632 καὶ
1022 1553 1191 1654 ἁρμόδιον
1213 1588 1307 1656 arpo·

184 1673 385 1774 ςβέβληται
414 1678 639 1774 νομοθεσίαν.
701 1677 871 1783 θειοτέρα
893 1687 981 1778 γοῦν
1006 1676 1029 1777 ἢ
1055 1678 1145 1758 κατὰ
1169 1681 1310 1760 Μωσέα

207 1801 350 1900 δυνάμει
388 1800 479 1880 κατὰ
510 1803 644 1886 παντὸς
675 1811 738 1882 τοῦ
770 1800 909 1901 κόσμου
940 1802 1022 1886 τοὺς
1057 1803 1168 1907 ἱεροὺς
1200 1809 1331 1888 αι’ντοῦε

208 1923 335 2022 νόμους
359 1924 416 2005 διὰ
439 1934 511 2006 τῶν
536 1929 803 2029 εὐαγγελιστῶν
831 1929 940 2006 αὑτοῦ
967 1927 1163 2034 διετάξατο,
1181 1929 1309 2032 μείζονι

206 2047 229 2147 ἢ
247 2052 323 2128 κατ’
341 2052 531 2152 ἄνθρωπον
548 2054 697 2159 ἐξουσίᾳ
715 2053 967 2152 νομοθετήσας,
986 2054 1126 2152 οεῖπὼν,
1146 2054 1192 2134 ’ότι
1212 2057 1307 2149 ›iaeti-

205 2210 291 2256 σοντι
313 2177 359 2256 ’ότι
386 2176 481 2283 ἑρμθη
506 2183 573 2264 τοῖς
598 2183 765 2285 ἀρχαίοις,
788 2185 821 2258 οὐ
849 2179 1028 2285 φονεύσεις·
1059 2179 1126 2280 issi
1153 2178 1187 2261 δὲ
1214 2182 1308 2284 λέγοι

206 2305 279 2402 ὑμῖν
303 2301 351 2406 μη
372 2299 407 2382 δὲ
430 2301 614 2412 ὀργίζεσθαι
639 2303 721 2397 οἰκίη,
741 2309 798 2383 καὶ
816 2302 862 2384 τὰ
880 2304 1015 2390 τούτοις
1035 2304 1215 2386 ἀκόλουθα
1234 2306 1306 2386 ὅσα
1318 2346 1347 2380 ιο

205 2425 250 2526 δὴ
276 2430 313 2505 έν
337 2435 414 2511 ταῖς
438 2427 680 2531 ἀναγρᾶτττοις
705 2431 813 2510 αὐτοῦ
837 2434 1084 2515 διδασκαλίαις
1108 2434 1306 2538 ἐμφέρεται,

206 2553 261 2656 ἐφ’
282 2549 333 2636 οἷς
351 2560 524 2656 μαρτυρεῖ
537 2554 655 2654 λέγων
674 2556 693 2632 ὁ
712 2555 979 2656 εὐαγγελιστὴς,
998 2556 1052 2636 ὅτι
1075 2557 1306 2663 ἐξεπλήττοντο

349 2750 484 2823 ι)μιυὺ’σῆς
499 2753 527 2808 S.
542 2761 569 2808 et
584 2755 621 2808 sic
634 2753 713 2809 infra.
809 2755 927 2827 aetnae]
945 2756 1023 2809 εἰπὸν
1037 2755 1077 2809 ὅτι
1092 2755 1121 2810 S.

207 2929 327 3002 gistrum
342 2927 476 2992 faturum,
491 2928 649 3002 cujusmodi
663 2947 737 2986 uuus
756 2927 888 2985 Salvator
901 2946 934 2984 ac
948 2926 1088 2983 Dominus
1109 2933 1207 2982 noster
1220 2927 1239 2984 J
1241 2946 1305 2985 esua

206 3007 346 3073 christun,
358 3027 414 3066 aec
428 3007 499 3066 aliua
513 3017 649 3083 praterea
663 3009 801 3083 quispiam
820 3009 909 3066 {uisae
930 3009 1149 3071 demonstratur,
1164 3016 1194 3064 et
1207 3008 1304 3082 legum

206 3089 308 3146 author
321 3087 461 3152 videlicet,
476 3095 505 3144 et
523 3088 596 3144 idem
620 3088 663 3145 sui
683 3090 780 3163 patrie,
796 3091 843 3164 qui
858 3090 935 3146 Deus
950 3097 994 3145 est
1009 3087 1140 3152 universi,
1156 3088 1303 3162 propheta.

205 3177 235 3225 et
249 3168 348 3226 Moeea
362 3168 475 3242 quidem
489 3167 572 3224 unius
586 3169 735 3226 dumtaxat
749 3171 844 3244 gentis
857 3169 915 3226 dux
929 3169 991 3232 tuit,
1007 3178 1037 3226 et
1051 3188 1112 3243 quae
1128 3169 1176 3225 uui
1192 3169 1231 3226 ilii
1245 3188 1304 3226 uon

205 3256 299 3306 autem
315 3248 425 3306 caeteris
439 3267 550 3322 quoque
564 3249 698 3323 gentibus
712 3249 918 3306 accommodari
937 3257 1054 3322 poscent
1072 3249 1102 3304 iu
1120 3249 1231 3322 legibus
1245 3249 1304 3306 auia

205 3328 333 3386 aunxieae
346 3327 493 3402 reperitur.
516 3328 559 3385 At
573 3347 641 3386 vero
655 3329 714 3404 ipae
724 3329 855 3386 Christus
870 3328 934 3392 Dei,
946 3328 994 3385 ubi
1008 3347 1025 3384 a
1039 3336 1118 3401 patre
1133 3328 1302 3400 promiscum

205 3408 274 3466 illud
296 3409 415 3482 accepit,
434 3408 553 3466 Postula
578 3429 596 3465 a
615 3428 666 3473 me.
686 3417 713 3465 et
736 3409 806 3465 dubo
829 3409 878 3464 tibi
898 3415 992 3481 yeatea
1013 3407 1196 3464 hereditatem
1216 3413 1301 3471 taam.
1389 3436 1407 3474 ο,

206 3497 305 3562 utpote
326 3488 373 3561 qui
397 3507 455 3546 uon
481 3487 549 3544 solie
566 3489 683 3553 iudeis,
706 3488 862 3545 sedetiam
885 3487 1015 3544 universo
1036 3485 1183 3542 hominum
1205 3487 1303 3558 generi

205 3586 297 3624 novus
320 3568 416 3643 legum
439 3568 607 3642 pietatisque
630 3569 734 3626 author
756 3588 773 3624 a
799 3579 881 3643 patre
908 3566 1137 3632 constitueretur,
1161 3565 1302 3624 vocationi

206 3647 333 3704 omnium
361 3647 489 3722 gentium
516 3657 578 3704 tum
605 3648 718 3706 facilem
744 3657 805 3705 tum
832 3646 1074 3705 accommodatam
1098 3645 1195 3718 legum
1218 3644 1301 3701 disci·

206 3727 310 3801 plinam
332 3728 472 3801 exposuit.
514 3727 611 3796 Quium
627 3747 697 3801 crgo
714 3729 842 3802 ampliori
862 3746 945 3802 quam
963 3745 1025 3801 quae
1046 3725 1189 3781 hominem
1204 3724 1303 3781 deceat

206 3807 377 3864 authoritate
396 3807 475 3882 leges
493 3807 641 3872 invenerit,
657 3809 795 3865 diviniore
809 3807 893 3866 etiam
909 3825 993 3882 quam
1012 3824 1074 3880 que
1094 3823 1112 3860 a
1125 3803 1210 3860 Mose
1230 3823 1302 3879 prae-

206 3887 275 3944 steri
289 3887 411 3961 potuerit
426 3889 530 3944 virtute
547 3887 577 3944 iu
596 3895 659 3944 toto
673 3889 741 3944 orbe
755 3889 908 3946 oenaudua
927 3891 1120 3944 sacrosanctas
1139 3901 1205 3940 suas
1223 3884 1302 3958 legas

205 3985 257 4041 per
271 3985 337 4024 auos
351 3967 540 4042 evangelistae
554 3967 711 4042 descripsit.
726 3968 794 4026 dum
815 3968 854 4025 itu
871 3968 908 4024 ad
927 3967 990 4024 illos
1004 3965 1081 4030 dicit.
1095 3963 1220 4020 Audistis
1234 3966 1304 4037 ηνοθ
1344 3979 1421 4020 ueta.
1432 3987 1453 4030 ς,

206 4049 309 4104 dictum
322 4049 357 4104 sit
371 4048 498 4120 antiquie,
512 4066 564 4104 αοιι
577 4049 690 4110 occides,
706 4067 755 4120 ega
768 4057 858 4104 uatem
872 4047 933 4104 dieo
950 4047 1024 4102 uobis
1038 4063 1074 4100 ae
1093 4045 1179 4100 ι’ναεοὶ
1195 4045 1302 4118 quidem
1345 4039 1376 4070 ¹¹·

207 4135 315 4191 umere,
327 4136 359 4184 et
373 4145 546 4202 quaecuuque
560 4127 604 4184 hie
617 4127 751 4202 adjuncta
767 4125 925 4200 in'publice
939 4123 1086 4199 descriptio
1107 4124 1194 4198 ipsius
1215 4125 1301 4182 docu-

207 4206 311 4264 mentis
324 4207 569 4272 circumferuntur,
584 4225 646 4281 quoe
661 4207 775 4280 quidem
793 4207 853 4281 ipae
874 4205 959 4262 ειὶοιυ
974 4203 1147 4280 evangelista
1161 4203 1210 4262 tali
1224 4223 1301 4261 com·

207 4286 332 4352 mandat,
355 4289 428 4372 quoti
446 4289 541 4362 ιιιὶηιιο
561 4288 771 4362 obstupescerent
790 4303 881 4344 amaea
904 4286 1054 4342 doctrinam
1075 4285 1159 4350 iilius,
1180 4303 1211 4340 eu
1231 4285 1303 4358 quud
1344 4295 1421 4392 ξμιιιι.
1434 4307 1452 4346 ⁷·
