3120 4716
63 271 196 340 -470·
480 263 708 330 DEMONST.
731 265 902 330 EVANG.
925 267 971 330 X.
991 286 1020 328 ι.
1249 265 1314 330 927

209 418 245 497 τί
274 420 378 525 ὄνομα
409 423 528 516 αὐτοῦς
562 419 675 528 ᾤοντό
702 455 741 502 τε
768 422 981 522 κοιμηθέντα
1007 422 1125 522 μηκέτ’
1146 421 1307 518 ἀναστή-

209 548 353 641 σεσθαι,
371 543 498 624 τούτου
525 546 631 650 χάριν
655 547 760 632 αὐτὸς
786 550 806 626 ὁ
833 547 960 649 Σωτὴρ
979 551 1038 626 καὶ
1063 547 1194 648 Κύριος
1211 547 1427 644 ἡμιῖινῐ)·47Ο

208 670 378 748 τάναντία
402 669 541 754 τούτοις
562 671 760 775 εὐχόμενος,
778 675 837 752 καὶ
863 678 928 770 τῆς
954 669 1188 754 ἀναστάσεως
1212 675 1307 750 ἀκω-

209 793 326 876 λύτως
355 803 473 900 τυχεῖν
503 795 614 898 ἀξιῶν
644 798 709 877 τὸν
735 798 882 900 πατέρα,
912 801 1016 902 φησὶ,
1046 795 1088 876 rit
1123 793 1171 888 δέ,
1202 795 1309 902 Κάριι,

209 919 338 1012 iniquit
367 957 425 1025 με,
453 932 513 1003 καὶ
543 923 726 1017 ἀνάστησίν
752 961 809 1027 με,
842 935 901 1005 καί
930 921 1161 1004 ἀνταπιδάσω
1188 928 1309 1010 αὐτοῖς.

207 1049 262 1123 Ἐν
287 1044 386 1154 τιιίτῳ
415 1045 511 1149 ἐγνων
540 1048 587 1129 ’ίτι
618 1047 800 1143 retains&
829 1085 887 1153 με,
907 1051 955 1130 ’ίτι
985 1055 1018 1128 οὐ
1046 1049 1092 1152 μὴ
1121 1051 1268 1157 ἐπιχαρῆ
1293 1058 1333 1130 it

169 1169 318 1278 οῠέχίρίς
335 1209 400 1275 μου
419 1175 472 1252 ἐπ’
493 1174 579 1277 ’ἐμά
619 1177 692 1254 Καὶ
710 1173 894 1277 πρόδηλόν
913 1208 955 1276 γε
972 1175 1051 1254 τίνα
1069 1171 1203 1277 τρόπον
1220 1173 1311 1272 μετὰ

207 1295 273 1394 τὴν
291 1300 329 1376 ἐκ
348 1306 480 1401 νεκρῶν
498 1297 703 1378 ἀνάστασιν
720 1301 830 1379 αὑτοῦ
854 1304 1073 1403 παραχρῆμα
1098 1303 1156 1379 καὶ
1181 1302 1245 1379 οὐκ
1262 1304 1312 1382 είς

209 1420 366 1523 Ιμακρὸν
389 1429 543 1522 μετῆλθε
568 1422 650 1507 τοὺς
667 1425 1006 1519 ἐπιβεβουλευκότας
1029 1427 1125 1531 αὐτῷ
1151 1426 1174 1523 ἡ
1198 1427 1307 1504 ἀντα-

207 1546 368 1644 πόδοσις,
397 1548 495 1632 ὅπως
526 1582 565 1628 τε
598 1551 618 1626 ὁ
650 1547 777 1652 ἐχθρὸς
807 1551 916 1629 αὐτοῦ
948 1549 1039 1652 ζωῆς
1070 1548 1312 1653 τυγχάνοντος
1324 1587 1352 1622 ιο

207 1670 359 1756 θάνατος
383 1672 627 1778 κατῃσχύνθη,
653 1671 749 1753 ὥστε
778 1673 861 1759 τοὺς
890 1675 1163 1777 ἐπονειδίζοντας
1191 1681 1310 1772 εἰπεῖν,

207 1800 273 1878 παῦ
300 1835 370 1888 σου,
394 1797 524 1889 θάνατε,
544 1801 579 1879 τὶ
609 1799 747 1906 κίντρινς
784 1803 849 1880 ποῦ
877 1836 947 1890 σου,
976 1798 1108 1890 θάνατε,
1138 1797 1174 1880 τέ
1202 1805 1341 1893 νῖκιςςο

208 1923 364 2027 ἐντυχὼν
389 1923 432 2002 δέ
452 1959 505 2007 τις
523 1932 600 2008 ταῖς
618 1923 710 2022 μετά
732 1923 798 2024 τὴν
823 1924 1028 2004 ἀνάστασιν
1051 1933 1115 2004 τοῦ
1144 1928 1311 2028 Σωτῆρος

207 2050 308 2148 ἡμῶν
346 2050 519 2152 ἱστορίαις
549 2056 601 2156 τῷ
627 2049 796 2156 Ἰωσήπῳ
835 2051 1050 2156 γραφείσαις
1083 2050 1215 2128 εἴσεται
1246 2046 1311 2132 τάς

206 2173 451 2271 μετελθοάσας
475 2175 518 2253 τὸ
535 2176 716 2254 Ἰουδαίων
741 2175 841 2258 ἔθνος
859 2178 917 2254 καὶ
939 2173 1022 2258 τοὺς
1044 2175 1221 2278 ἀρχοντας
1243 2175 1334 2256 uri-⁵

206 2305 279 2378 τῶν
296 2299 500 2405 συμφορὰς,
519 2299 574 2382 αἶς
602 2298 743 2384 είκότως
765 2300 1057 2402 περιπεπτάκασι
1079 2297 1126 2378 τά
1153 2300 1312 2404 ἐπίχειρα

171 2423 258 2509 eruin
276 2433 324 2510 είς
341 2426 449 2506 αὐτὸν
467 2428 625 2528 ἔδρασαν
643 2428 973 2525 ἀπολαμβάνοντες.
1026 2429 1097 2505 Καὶ
1116 2434 1229 2506 ταῦτα
1246 2425 1312 2525 μέν

209 2558 257 2635 είς
275 2555 424 2637 ἐκείνους
443 2556 642 2654 ἐπληροῦτο
664 2551 784 2634 πάντα
809 2550 901 2633 κατὰ
922 2550 989 2650 τὴν
1006 2549 1216 2654 πρόρρησιν·
1248 2561 1312 2631 τοῦ

209 2677 247 2757 δέ
272 2684 438 2780 Σωτῆρος
463 2681 562 2777 ἡμῶν
586 2679 609 2777 ἡ
632 2681 672 2757 ἐκ
697 2685 829 2782 νεκρῶν
855 2675 1055 2760 ἀνάστασις
1074 2676 1217 2782 διέδειξε
1235 2684 1309 2759 τοῖς
1322 2713 1352 2746 ¹0

468 2822 563 2894 's’uui]
580 2823 625 2890 ἐμὲ
640 2823 670 2877 Ρ.
758 2821 894 2893 sumptu]
910 2823 1008 2894 μσκρδν
1022 2821 1051 2875 S.

211 2932 334 3006 sopitum
348 2951 406 2988 non
421 2932 541 3005 amplius
558 2942 759 2997 surrecturum,
774 2933 879 2990 idcirco
898 2931 958 3005 ipse
977 2929 1109 2987 Salvator
1122 2947 1155 2986 no
1169 2929 1311 2986 Dominus

211 3021 308 3068 noster
322 3011 366 3068 his
380 3013 498 3068 adversa
511 3023 651 3086 precatur,
667 3023 696 3070 et
710 3013 855 3070 reditionis
872 3011 1008 3068 advitam
1028 3011 1089 3067 sine
1107 3009 1310 3084 impedimento

211 3109 241 3148 se
255 3101 416 3165 compotem
430 3093 491 3148 fieri
505 3101 614 3166 patrem
629 3112 710 3150 suum
726 3102 796 3159 ornt,
806 3093 912 3156 dicens,
926 3093 965 3148 Τιι
979 3099 1081 3156 uatem,
1095 3091 1218 3152 Domine.
1229 3093 1309 3146 miae-

210 3189 271 3227 rere
283 3174 343 3237 mei,
357 3181 384 3228 et
397 3173 498 3228 ιιιιοίια
512 3191 563 3238 me,
578 3181 605 3229 et
618 3173 766 3230 retribuum
780 3175 829 3230 eis.
873 3173 908 3228 In
923 3172 973 3228 λοο
989 3173 1101 3244 cognovi
1115 3171 1187 3243 quod
1199 3170 1312 3226 voluisti

209 3269 261 3316 nae,
277 3253 348 3325 quod
369 3269 422 3307 ποο
441 3252 569 3326 gaudebit
591 3253 715 3309 inimicus
734 3271 808 3309 triens
827 3270 908 3326 cuper
920 3271 970 3308 me.
1014 3250 1056 3307 Et
1072 3268 1141 3307 saue
1160 3249 1238 3307 haud
1258 3250 1310 3306 ob·

210 3349 322 3387 suornm
345 3340 398 3393 est,
420 3349 504 3406 quem
529 3332 557 3387 iu
579 3332 695 3388 modum
714 3343 863 3405 postquam
881 3350 898 3386 a
919 3329 1038 3386 mortuis
1051 3329 1143 3394 rediit,
1157 3347 1174 3385 e
1188 3328 1310 3402 vestigio

209 3427 300 3485 neque
315 3410 355 3467 ita
368 3411 458 3467 molto
476 3420 550 3485 post,
565 3429 614 3468 eos
633 3411 680 3483 qui
701 3411 741 3467 illi
762 3410 878 3468 insidies
900 3417 1064 3466 struxerunt
1081 3408 1230 3465 retributio
1250 3407 1311 3463 ulta

210 3491 256 3562 sit,
277 3499 363 3564 utque
380 3509 414 3547 ea
434 3509 496 3564 quoe
517 3492 583 3548 vitiu
604 3492 666 3565 ejus
687 3491 800 3547 inimica
823 3497 885 3546 erat
903 3507 980 3545 mors
999 3488 1037 3544 sit
1055 3487 1162 3562 pudore
1181 3487 1308 3550 confusa,

210 3570 282 3627 adeo
295 3571 343 3627 illa
362 3571 474 3644 quidem
493 3579 526 3626 ut
540 3571 619 3645 quasi
637 3571 772 3645 probrum
794 3570 820 3627 ei
841 3568 1006 3644 objicientes
1027 3567 1163 3632 dicerent,
1184 3567 1238 3624 Ubi
1258 3573 1308 3629 eat,

210 3652 437 3714 morsiunculis
460 3652 551 3708 tuus?
570 3653 615 3707 ubi
639 3658 680 3707 est
703 3669 775 3706 mors
799 3653 914 3706 uictoria
939 3649 1015 3705 tou?
1036 3647 1178 3704 Caeterum
1202 3646 1309 3720 siquis

210 3729 343 3786 historias
356 3737 486 3804 tempora
505 3739 571 3804 post
591 3730 758 3788 reditionem
780 3731 815 3787 od
834 3729 920 3786 vitam
942 3727 1097 3785 Salvatoris
1118 3727 1209 3782 nostri
1229 3744 1308 3782 com·

210 3808 315 3882 plexas,
341 3829 403 3884 quse
427 3810 463 3866 ab
485 3810 612 3884 Josepho
637 3811 804 3884 conscriptae
829 3809 896 3873 sint,
921 3807 1066 3870 evolverit.
1094 3805 1176 3862 facile
1203 3805 1310 3862 videbit

211 3906 340 3962 quoenam
363 3889 537 3947 calamitates
561 3889 711 3947 Judeicam
736 3901 854 3965 gentem
877 3898 961 3961 etque
984 3887 1046 3960 ejus
1067 3885 1207 3962 puucipes
1228 3885 1309 3942 invn-

211 3969 299 4025 seriut
313 3979 398 4043 utque
412 3969 570 4036 afflixerint,
582 3971 611 4026 io
626 3989 696 4044 ques
710 3970 812 4027 merito
825 3969 866 4026 itti
879 3968 1049 4028 inuiderunt,
1061 3973 1092 4022 ut
1106 3965 1220 4022 sceleris
1232 3965 1309 4041 quod

209 4048 332 4105 initium
347 4057 528 4123 patraverant
543 4050 659 4124 praemio
676 4050 765 4124 digna
781 4049 957 4123 reciperent:
972 4053 1002 4102 et
1013 4046 1075 4102 hac
1088 4045 1200 4119 quidem
1215 4045 1311 4102 omnia

210 4129 346 4185 adversus
370 4129 434 4186 illos
455 4131 596 4204 completa
618 4138 693 4193 sunt,
715 4138 747 4185 ut
768 4127 913 4184 oraculum
934 4125 1112 4200 praedixerat.
1155 4125 1310 4183 Saltutoris

210 4217 305 4265 autem
320 4209 410 4266 nostri
424 4210 460 4266 de
474 4220 565 4267 morte
579 4211 616 4266 ud
628 4210 716 4266 vitem
731 4208 832 4265 reditio
850 4208 934 4281 plane
953 4205 1084 4262 omuibus
1104 4205 1311 4262 demonstravit

211 4299 347 4361 quuutum
362 4289 414 4345 sibi
431 4298 511 4363 pater
524 4289 552 4346 iu
567 4290 615 4346 ino
630 4289 775 4364 placuerit,
791 4306 874 4362 quam
889 4287 1004 4361 quidem
1018 4303 1078 4342 rem
1093 4285 1153 4360 ipse
1174 4285 1309 4348 ostendit,
