3108 4708
470 285 698 353 DEMONST.
722 289 890 356 EVANG.
915 293 1001 356 X.8.
1231 295 1317 357 1005

213 449 330 554 σοφίᾳ
349 451 552 552 διαπρέπων
570 453 789 540 διδάσκαλος
812 455 899 560 ίτπέρ
917 465 981 536 τοῦ
1006 460 1184 542 κάκείνους
1208 460 1314 538 ἄκου’-
1342 469 1361 502 ’

213 607 348 657 σαντας
366 587 680 678 προοιπακοῦσαι,
698 579 763 661 τὸν
781 579 890 661 αὐτὸν
907 583 1041 686 τρόπον
1066 586 1123 662 καὶ
1149 584 1255 669 αὐτὸς
1277 588 1314 663 ἐν

212 700 314 806 μέσῳ
332 703 534 801 ἐκκλησίας,
551 709 676 809 φησὶν,
696 706 844 806 ὑμνήσω
862 741 920 810 σε,
939 706 1025 810 ὑπέρ
1043 716 1107 788 τοῦ
1124 716 1337 806 μαθοῦσανς

212 824 278 924 τὴν
307 827 502 927 ἐκκλησίαν
526 833 584 909 καὶ
613 832 825 910 ἀκούσασαν
854 835 936 936 παρ’
968 835 1087 928 αὐτοῦ,
1121 831 1163 912 ὃν
1190 868 1310 935 προσ-

213 950 289 1048 ήκει
316 949 459 1053 τρόπον,
479 956 623 1054 Ίμηκέθ
654 961 702 1040 ὡς
729 957 772 1035 τὸ
798 962 884 1059 πρὶν
911 955 993 1041 τοὺς
1021 960 1199 1056 δαίμονας,
1228 961 1312 1038 ἀλλ’

214 1076 322 1155 αὐτὸν
339 1076 449 1174 μόνον
471 1079 534 1158 τὸν
557 1078 701 1159 πάντων
719 1081 814 1161 Θεὸν
839 1081 897 1161 διὰ
922 1091 986 1161 τοῦ
1014 1083 1314 1182 καταγγείλαντος

159 1243 205 1278 100
215 1198 321 1280 αὑτὸν
340 1202 514 1300 αἰννμνεΐν.
550 1209 676 1282 Ταῦτα
694 1205 858 1312 ’πράξειν
876 1204 1150 1310 ’ὑποσχόμενοα
1166 1206 1314 1311 σφόδρα

212 1325 417 1410 ἀκολούθως
444 1329 602 1407 ἐντεῦθεν
629 1330 696 1428 ἤδη
724 1329 942 1432 προστάττει
973 1339 1018 1434 τῇ
1051 1333 1227 1436 ἐκκλησίᾳ
1255 1335 1355 1411 rato

211 1457 284 1532 τοῖς
308 1453 415 1530 αὑτοῦ
443 1456 613 1558 ἀδελφοῖς
641 1457 758 1549 ὑμνεῖν
788 1455 851 1534 τὸν
881 1457 1027 1558 πατέρα
1084 1455 1155 1536 Διό
1187 1465 1313 1563 φησιν,

215 1585 241 1654 oi
261 1575 457 1680 φοβούμενοι
480 1579 533 1658 τὶν
553 1578 662 1688 Κύριον
685 1583 839 1662 αἱνέσατε
864 1581 971 1671 adsis,
992 1581 1090 1663 ίίπιιν
1108 1583 1144 1663 τὶ
1172 1584 1314 1689 σπέρμα

157 1703 345 1794 ιοιἸακωβ
376 1700 547 1809 definirem
580 1709 685 1787 αι’πίν.
744 1710 828 1802 Καὶ,
856 1705 1095 1811 φαβηθιίτωσαν
1126 1715 1191 1786 ἀπ’
1214 1713 1314 1790 αὐτοῦ

211 1825 307 1904 ιῖίπαν
332 1827 365 1906 τί
391 1827 531 1935 σπέρμα
548 1830 697 1937 Ἰσραηλ,
718 1833 766 1910 ’ὅτι
793 1838 851 1912 οὐκ
878 1828 1090 1938 dissidemus,
1115 1828 1185 1912 midex
1210 1870 1313 1939 πρισ-

211 1951 333 2046 ιίχθισε
351 1961 389 2065 τῇ
407 1948 512 2046 desines
532 1957 586 2033 τιὸ
605 1959 756 2051 πτωχοῦ,
778 1952 847 2035 nidi
866 1952 1065 2063 ἀπέστρεφε
1084 1956 1119 2037 τί
1139 1961 1427 2066 mmmm-509

210 2079 308 2154 αὑτοῦ
339 2083 401 2154 ἀπ’
432 2079 520 2182 ἐμοῦ,
555 2088 615 2158 καὶ
649 2081 678 2158 ἑν
709 2090 754 2186 τῷ
784 2083 986 2186 κεκραγέναι
1017 2117 1063 2185 με
1095 2082 1177 2188 πρές
1207 2083 1312 2181 crisie,

210 2201 382 2293 είτιίιιιυσέ
391 2237 464 2305 μου.
522 2206 579 2281 Δι’
600 2200 651 2282 ὧν
668 2211 799 2310 σαφῶς
816 2205 1025 2306 παρέστησε
1049 2213 1122 2284 τῶν
1146 2240 1309 2309 προωνο-

154 2367 198 2402 ιω
210 2325 404 2422 μασμένων
438 2335 558 2406 κακῶν
593 2328 659 2426 τὴν
695 2329 926 2429 ἀπαλλαγήν.
997 2335 1043 2410 Ei
1080 2329 1153 2432 γὰρ
1187 2334 1225 2410 ἐν
1259 2340 1312 2440 τῷ

208 2451 415 2551 κεκραγέναι
445 2450 535 2553 πρὸς
568 2451 675 2532 αὐτὸν
706 2458 916 2551 είσὴκονσεν
952 2457 1070 2549 αὐτοῦ,
1101 2455 1237 2560 ηὔξατο
1273 2455 1335 2538 δέε

208 2578 383 2676 ῥωσθῆναι
412 2577 484 2657 ἀπὸ
516 2578 581 2676 μὲν
606 2581 786 2683 ῥομφαίας
813 2578 880 2678 τὴν
906 2580 1032 2683 ψυχὴν
1060 2582 1178 2676 αὑτοῦ,
1204 2584 1244 2660 ἐκ
1273 2583 1312 2660 δέ

208 2699 312 2782 κυνὸς
330 2699 396 2797 τὴν
420 2707 595 2803 μονογενῆ
623 2705 741 2798 αὑτοῦ,
761 2706 819 2781 καὶ
842 2703 891 2781 ἐτι
910 2707 948 2781 ἐκ
966 2703 1148 2798 στόματος
1166 2705 1310 2789 λέοντος

207 2828 266 2903 καὶ
295 2823 367 2904 ἀπὸ
392 2825 548 2927 κεράτων
575 2828 827 2929 μονοκερῶτων
852 2826 918 2926 τὴν
944 2828 1161 2905 ταπείνωσιν
1189 2831 1308 2926 αὑτοῦ,

249 2980 319 3034 ιἱκαλ
333 2980 394 3033 add.
411 2980 441 3034 P.
457 2989 519 3034 unte
533 2981 620 3048 μηκέθ.
630 2999 684 3036 om.
701 2981 728 3036 S.
744 2990 775 3035 ut
788 2981 860 3052 vulg.
957 2980 1086 3050 Ι’πράξεις
1101 2978 1129 3034 S.
1233 2981 1308 3036 'im-

206 3058 389 3131 ισχνούμενος]
407 3059 587 3130 ἐπισχόμενος
602 3061 633 3116 P.

207 3183 265 3240 suis
279 3183 422 3259 discipulis
436 3185 523 3241 verbs
542 3194 697 3259 percurret,
711 3193 744 3242 ut
763 3187 817 3260 ipsi
838 3204 949 3260 quoque
970 3185 1116 3244 audientes
1137 3187 1307 3254 auscultent,

147 3325 151 3332 ι
206 3263 247 3320 ite
267 3264 351 3320 etiem
375 3263 421 3320 ille
444 3265 473 3320 in
498 3265 591 3321 medio
611 3264 746 3330 ecclesiae,
768 3265 867 3338 inquit,
888 3264 1009 3321 laudabo
1031 3273 1070 3328 te,
1091 3275 1122 3321 ut
1144 3285 1229 3339 qnum
1252 3268 1307 3324 hoc

206 3343 325 3399 ecclesie
345 3342 483 3412 didicerit,
498 3343 565 3401 dum
587 3345 622 3400 nb
643 3345 705 3419 ipso
726 3344 812 3408 cudit,
827 3363 885 3400 non
905 3344 980 3400 ultre
999 3350 1033 3399 ut
1050 3353 1134 3401 antec
1152 3346 1305 3412 doemonas,

207 3423 267 3487 sed,
283 3431 314 3478 ut
328 3432 445 3497 parcet.
460 3425 552 3496 ipsum
567 3424 691 3480 universi
705 3424 798 3480 Deum
817 3441 869 3498 per
887 3441 962 3488 eum,
977 3423 1025 3497 qui
1046 3421 1125 3479 illum
1147 3424 1304 3490 denuntiat,

206 3501 320 3576 hymnis
339 3503 527 3560 concelebret.
572 3503 643 3560 Hoec
657 3504 705 3559 nbi
719 3522 749 3559 sc
762 3503 903 3560 iacturum
916 3503 1055 3575 promisit,
1069 3509 1131 3558 tum
1152 3503 1305 3560 admodum

204 3581 407 3638 convenienter
420 3590 505 3656 stque
525 3591 591 3656 epte
608 3585 669 3657 jem
690 3582 756 3639 inde
770 3582 889 3656 imperat
902 3582 1026 3638 ecciesiae
1041 3599 1074 3637 nc
1088 3582 1303 3648 cumfratribus,

206 3670 238 3716 ut
258 3660 371 3735 hymnis
391 3660 536 3718 celebrent
556 3671 675 3735 patrem,
691 3662 738 3718 ubi
759 3661 809 3727 uit,
826 3663 881 3725 Qut
902 3662 1004 3717 timetis
1019 3662 1170 3716 Dominum
1191 3661 1305 3718 laudate

205 3756 276 3796 eum.
322 3740 408 3797 Omne
428 3759 517 3797 semen
536 3741 624 3798 Jacob
642 3741 795 3816 glor'fieute
815 3759 886 3797 eum.
930 3741 968 3795 Et
988 3742 1099 3796 timeant
1120 3741 1155 3795 nb
1176 3757 1207 3796 eo
1227 3758 1304 3798 mnne

205 3836 292 3875 sunm
310 3820 405 3886 Israel,
421 3823 548 3894 qnoniam
569 3839 623 3876 τινα
643 3824 754 3894 spreuit,
775 3839 861 3894 neque
877 3820 986 3877 moleste
1007 3821 1070 3874 tulit
1091 3819 1303 3892 deprecationem
1328 3857 1335 3868 ·

202 3902 339 3972 pauperis.
355 3917 442 3973 neque
455 3902 552 3956 avertit
565 3899 671 3974 faciem
692 3918 769 3956 suom
783 3918 800 3956 α
814 3918 865 3962 ται,
880 3906 908 3955 et
921 3917 1001 3970 quum
1015 3899 1158 3955 clamarem
1175 3899 1213 3953 nd
1232 3916 1302 3962 eum.

204 3981 342 4034 excudivit
355 3997 406 4035 me.
450 3979 561 4046 Quibus
574 3979 669 4036 verbis
683 3978 765 4053 plene
780 3978 904 4035 ostendit
918 3995 949 4032 se
963 3978 999 4033 nb
1012 3975 1066 4032 illis
1078 3994 1140 4033 esse
1153 3976 1304 4033 liberatum

204 4057 295 4124 mulis,
313 4077 375 4130 quae
390 4058 519 4132 superius
533 4057 609 4114 dicto
622 4067 696 4115 sunt.
732 4057 764 4114 Si
780 4057 856 4113 enim
870 4074 955 4129 quum
971 4055 1105 4113 clamaret
1119 4056 1157 4111 ed
1170 4055 1258 4122 illum,
1267 4056 1303 4113 ab

203 4135 252 4191 ilio
277 4137 426 4194 exauditus
451 4145 504 4202 est,
528 4145 557 4194 et
579 4139 703 4194 clemens
726 4144 856 4210 precatus
878 4144 931 4199 est,
957 4143 989 4191 nt
1012 4135 1133 4209 eriperet
1156 4154 1173 4193 n
1196 4136 1304 4192 frames

204 4214 316 4288 quidem
334 4217 455 4273 animum
472 4235 559 4282 snum,
574 4235 592 4272 e
605 4235 674 4273 cunc
691 4225 786 4274 sutem
807 4215 920 4271 unicam
937 4232 1027 4280 sunm,
1043 4233 1096 4272 nec
1117 4233 1175 4271 non
1196 4215 1232 4272 eb
1254 4231 1303 4269 ore

203 4293 293 4350 leonis
308 4303 337 4354 et
352 4314 368 4351 a
382 4297 514 4354 cornibus
528 4297 704 4354 unicornium
722 4294 911 4352 humilitatem
929 4312 1019 4362 suam,
1034 4295 1161 4368 sequitur
1175 4301 1206 4350 nt
1218 4291 1302 4348 intel·
