3144 4720
276 233 340 294 aaa
724 234 911 300 uususn
1357 251 1518 317 p·424-
1558 329 1559 334 Ν

273 391 414 471 παιδίον
442 394 501 470 καὶ
527 392 594 492 τὴν
619 393 755 496 μητέρα
782 397 901 492 αύτοῦ,
920 398 978 474 καὶ
1005 396 1206 492 ἐπανῆλθεν
1234 399 1283 476 εἰς
1310 397 1382 493 γῆν
1393 431 1423 464 ιο

273 517 440 621 Ἰσραήλ.
492 520 589 626 Δόξα
608 517 643 600 δὲ
660 520 878 624 μιιιιιίροτις
897 523 994 627 αύτῷ
1010 525 1062 626 τῷ
1079 525 1233 625 Χριστῷ
1249 523 1413 619 παρῆν,ο

274 642 333 722 διά
350 644 392 723 τὸ
411 647 449 724 ἐν
467 647 563 753 αὐτῷ
581 648 802 746 εύδοκηκέναι
828 646 1031 740 κατοικῆσαι
1057 649 1129 727 πῶν
1145 647 1182 726 ri
1206 646 1382 752 πλήρωμα

252 768 331 862 tric
360 770 514 864 θεύτητις.
544 771 635 852 κατὰ
665 773 730 854 τὸν
758 774 852 874 ἱερὸν
881 771 1103 854 ἀπόστολον.
1164 768 1303 872 Διύπερ
1331 774 1382 852 ῶς

273 897 377 998 κε’ρας
404 897 689 1002 ἐπιγραφόμενος
716 899 780 978 τὸν
807 905 880 977 τῶν
907 897 1003 978 ὅλων
1031 893 1127 976 Θεὸν
1154 901 1213 976 καὶ
1240 894 1404 996 πατέρας

274 1024 392 1118 αὑτοῦ,
411 1022 592 1130 μιιυιέρας
610 1027 668 1104 καὶ
692 1026 729 1104 ἐν
748 1022 879 1126 ἑτέραις
896 1028 1055 1127 γραφαῖς
1070 1018 1278 1120 ὠνομάσθη.
1327 1023 1378 1099 Ὁ

274 1150 304 1226 δ
334 1147 439 1232 αὐτὸς
471 1158 534 1228 τοῦ
566 1155 661 1229 Θεοῦ
695 1147 816 1251 Λόγος
847 1157 922 1234 τοῖς
953 1154 1090 1248 νοητοῖς
1122 1150 1182 1226 καὶ
1218 1153 1380 1247 λογικοῖς

274 1276 383 1355 αὑτοῦ
406 1274 537 1370 βέλεσι
559 1276 624 1354 τὸν
648 1275 777 1380 ε’χθρὸν
796 1277 854 1354 καὶ
877 1274 1115 1373 ἀντικείμενον
1132 1275 1229 1379 αύτῷ
1248 1270 1376 1366 διάβο-

273 1410 342 1479 λον
367 1399 490 1485 πάσας
513 1434 553 1480 τε
577 1398 641 1484 τάς
662 1403 778 1505 ’ἀμφ’
799 1398 908 1480 ούτδν
934 1400 1108 1501 ἀοράτους
1134 1403 1193 1479 καὶ
1219 1396 1422 1498 πονηράςιο

273 1525 435 1626 δυνάμεις
454 1525 513 1606 διὰ
530 1529 727 1628 κρείττονος
746 1528 809 1604 καὶ·
823 1524 1055 1628 ἀκαταμάχου
1074 1523 1253 1623 δυνάμεως
1265 1524 1375 1622 ἤλαυ·

274 1685 342 1747 νεν,
361 1653 469 1732 είσέτι
492 1686 532 1731 τε
557 1660 621 1731 νῦν
645 1649 792 1754 κυριεύει
815 1653 928 1730 ε’θνῶν
953 1657 1116 1748 πολλῶν,
1135 1647 1185 1730 ὧν
1206 1649 1253 1728 roi
1274 1648 1376 1754 πάχη

273 1780 332 1857 καὶ
350 1778 392 1857 τὸ
410 1777 601 1884 ’φρόνημα
624 1783 688 1877 τῆς
708 1776 845 1880 σαρκὸς
870 1776 1056 1858 λεπτύνων
1077 1779 1134 1856 ε’πὶ
1156 1775 1222 1876 τὴν
1241 1775 1374 1875 στενὴν

250 1901 357 1982 8ὁδὸν
375 1907 439 2002 τῆς
457 1906 598 1983 αι’ωνίου
617 1903 706 2005 ζωῆς
724 1905 937 2002 ἐπιτηδείους
955 1901 1217 2004 κατασκευάζει.
1251 1903 1491 1990 ’miili-425

272 2032 332 2108 καὶ
364 2032 587 2113 κατακλιθεὶς
615 2027 721 2115 αι’πδς
750 2030 851 2114 οὗτος
881 2032 901 2108 ὁ
932 2030 977 2135 ἐξ
1002 2028 1155 2131 Ἰσραὴλ
1186 2030 1376 2130 προελθὼν

273 2155 471 2256 ἅνθρωπος,
489 2157 510 2234 ὁ
535 2155 813 2257 κατακυριεύσας
830 2158 942 2236 ἐθνῶν
965 2161 1128 2251 πολλῶν,
1145 2154 1375 2254 ἀνεπαύσατο,

273 2284 398 2385 φησὶν,
424 2285 468 2365 ῶς
496 2279 589 2378 λίαν,
608 2284 700 2361 οὕτω
728 2286 850 2380 δηλῶν
875 2279 920 2380 ἢν
947 2279 1135 2386 ἀνεδέξατο
1162 2283 1374 2380 οἰκονομίαν,

273 2407 357 2485 καθ’
377 2405 422 2505 ἣν
447 2405 571 2509 ῶσπέρ
595 2441 648 2491 τις
671 2406 864 2501 βασιλικὸς
889 2409 946 2486 καὶ
974 2407 1172 2509 θαρραλέος
1196 2406 1266 2510 θὴρ
1289 2410 1398 2490 σίνε-ε

273 2529 451 2628 παύσατο,
470 2530 619 2631 μηδενὸς
643 2533 751 2611 αὐτοῦ
779 2531 845 2630 τὴν
872 2529 987 2636 ἀρχὴν
1011 2535 1070 2610 καὶ
1093 2529 1159 2630 τὴν
1182 2535 1376 2626 βασιλείαν

274 2657 598 2758 ’μεταστήσασθαι
624 2657 827 2755 δυναμένου,
844 2655 974 2741 πάντες
998 2690 1036 2736 τε
1064 2663 1098 2736 oi
1125 2655 1189 2737 τὸν
1212 2655 1377 2760 Χριστὸν

316 2813 332 2845 ¹
345 2805 392 2876 ἀφ’
407 2805 438 2860 Ρ.
466 2804 532 2876 ἀμφ’
546 2805 624 2858 unitis
638 2821 692 2858 om.
710 2804 739 2859 S.
833 2805 975 2876 Ὶῴράνιμο
990 2804 1019 2858 S.
1117 2802 1373 2875 Ιμεταστήσασθαι]

274 2885 487 2954 μεταστήσεσθαι
501 2885 533 2940 Ρ.

275 2994 390 3051 oraculo
411 2995 519 3068 accepit
539 3013 656 3068 puerum
676 3002 707 3052 et
726 3004 846 3052 matrem
868 2996 938 3070 ejus.
958 3003 987 3052 et
1005 3012 1136 3051 reversus
1156 3002 1202 3051 est
1220 2994 1250 3050 in
1270 3001 1375 3050 terram

275 3073 374 3129 Israel.
419 3074 605 3130 Rhinocerotia
619 3091 686 3130 vero
705 3076 797 3150 picria
818 3075 871 3148 ipsi
891 3075 1007 3131 Christo
1021 3073 1120 3138 adfuit,
1136 3082 1286 3148 propterea
1299 3075 1377 3148 quod

275 3151 411 3226 placuerit
425 3153 454 3208 in
469 3171 504 3208 eu
518 3153 643 3209 inditore
656 3171 757 3212 omnem
775 3155 973 3229 plenitudinem
986 3155 1147 3218 diuinitatis,
1162 3163 1194 3210 ut
1208 3154 1247 3210 sit
1262 3163 1376 3212 sanctim

275 3233 429 3307 apostolus.
473 3233 654 3308 Quapropter
667 3235 735 3291 dum
749 3234 836 3291 veluti
849 3253 937 3291 cornu
952 3234 1005 3291 sibi
1019 3233 1143 3291 universi
1156 3235 1249 3290 Deum
1265 3243 1376 3308 patrem

275 3313 418 3378 adscribit,
433 3312 517 3370 etiam
532 3315 670 3372 unicornis
683 3315 712 3370 in
727 3314 788 3370 aliis
802 3314 968 3388 quibusdam
983 3313 1130 3388 scripturis
1144 3323 1189 3370 est
1202 3315 1377 3370 nominatus.

276 3391 357 3451 Idem
373 3412 458 3470 porro
472 3394 526 3450 Dei
541 3392 670 3450 Verbum
686 3393 907 3468 intelligibilibus
923 3393 1162 3467 rationalibusque
1184 3393 1243 3450 suis
1264 3394 1378 3468 sagittis

275 3474 420 3531 inimicum
440 3474 548 3548 sibique
567 3475 764 3531 adversantem
781 3473 935 3539 diabolum,
952 3491 1105 3547 omnesque
1124 3474 1199 3530 circa
1218 3473 1298 3529 illum
1312 3493 1377 3530 ver-

276 3565 371 3612 santes
388 3554 542 3611 invisibiles
563 3562 592 3610 et
612 3554 750 3628 malignas
771 3561 938 3627 potestates.
957 3553 1147 3627 praestantiori
1172 3572 1223 3610 sua
1246 3561 1276 3609 et
1295 3553 1376 3610 inex·

275 3634 421 3710 pugnabili
433 3634 538 3690 virtute
560 3633 685 3699 confixit,
703 3641 786 3707 atque
807 3634 893 3690 etiam
913 3651 989 3690 nunc
1010 3633 1144 3707 gentibus
1164 3633 1262 3689 multis
1284 3633 1376 3689 domi-

274 3725 369 3779 natur,
385 3733 503 3788 quarum
517 3713 717 3770 crassitudines
732 3721 760 3769 et
773 3712 878 3769 fastum
897 3731 1040 3787 corporeae
1054 3731 1154 3769 massae
1168 3721 1326 3769 extenuans
1340 3713 1379 3770 ad

275 3808 427 3870 angustam
442 3801 555 3852 aeternae
569 3793 633 3850 vitae
648 3793 722 3849 viam
743 3793 957 3867 ingrediendam
980 3793 1098 3849 idoneas
1119 3802 1274 3866 comparat.
1318 3790 1378 3850 Sed

276 3875 361 3931 etiam
385 3873 553 3932 recumbens
577 3873 651 3930 idem
676 3873 723 3928 hic
745 3872 831 3928 homo
853 3891 889 3930 ex
911 3873 1001 3929 Israel
1027 3872 1180 3947 proiectus,
1204 3873 1251 3945 qui
1279 3872 1378 3929 multis

277 3954 438 4010 dominatus
459 3963 503 4010 est
522 3954 664 4030 gentibus,
687 3955 796 4025 quieuit,
819 3953 918 4026 iuquit,
936 3960 967 4009 ut
987 3955 1035 4017 leo,
1054 3952 1155 4026 quibus
1175 3951 1270 4008 verbis
1291 3970 1377 4026 qnam

276 4033 323 4089 ille
351 4035 503 4108 assumpsit
537 4033 775 4108 dispensationem
808 4032 958 4107 significat,
987 4032 1142 4089 secundum
1177 4050 1261 4105 quam
1296 4033 1378 4106 quasi

276 4111 391 4186 quidum
413 4115 528 4188 regulus
548 4123 579 4170 et
599 4114 678 4186 quasi
698 4113 759 4170 iera
779 4114 907 4188 quaedam
929 4111 1061 4169 audacior
1081 4111 1195 4186 quievit,
1213 4111 1281 4168 (lum
1302 4111 1377 4168 illius

276 4191 465 4264 principatum
486 4210 519 4246 ac
538 4211 658 4266 reguum
680 4211 795 4249 movere
815 4194 879 4249 loco
900 4211 985 4249 nemo
1004 4201 1048 4249 est
1062 4192 1110 4266 qui
1123 4192 1222 4266 possit.
1265 4192 1377 4249 Omnes

165 4265 174 4286 “
277 4276 371 4325 autem
393 4269 440 4340 qui
461 4269 577 4325 Christo
594 4271 691 4326 iuvent
712 4289 744 4327 ac
765 4272 944 4336 benedicunt,
960 4283 989 4328 et
1009 4280 1070 4328 tum
1090 4272 1217 4329 oratioue
1238 4281 1299 4328 tum
1318 4273 1377 4329 vita
