3130 4722
69 249 196 318 *345
453 231 680 299 DEMONST.
704 233 874 298 EVANG.
899 231 1022 296 v11.2.
1246 226 1310 300 689

208 407 374 505 Χριστοῦ
391 409 571 503 μαθητῶν,
591 407 684 484 Διύτι
711 406 756 483 νῦν
775 400 1080 509 μεγαλονθῆσινται
1101 399 1160 485 ἕως
1180 398 1338 509 ’Ῑοῖκρωνο

166 527 265 620 ’στῆς
283 528 361 630 γῆς,
384 538 443 609 καὶ
464 530 560 610 ἔσται
580 531 662 622 αὕτη
682 533 787 635 εἰρήνη.
827 527 893 608 Ὧι
911 525 1056 634 συνᾴδει
1075 527 1117 606 τὸ
1140 530 1177 606 ἐν
1195 533 1304 607 Ψαλ-

205 661 285 753 μοῖς
304 654 450 761 φάσκον
467 662 549 757 περὶ
572 665 636 736 τοῦ
658 663 823 759 Χριστοῦ
846 654 981 756 λόγιον,
994 661 1167 735 Ἀιατελεῖ
1183 657 1213 734 ἐν
1231 659 1309 738 ταῖς
1415 717 1418 722 ι

206 777 344 889 ῆμέραις
374 785 472 861 αὑτοῦ
499 778 696 873 δικαιοσύνη,
723 779 786 861 καὶ
812 779 939 872 πλῆθος
965 783 1090 889 εἰρήνης.
1149 777 1219 860 Διό
1245 809 1329 878 μοις

206 910 304 988 δοκεῖ
332 909 455 1014 ἅρχων
486 906 624 1012 εἰρήνης
654 910 691 986 ἐν
722 914 768 1012 τῆ
800 905 871 1010 πρὸ
903 907 1033 1007 ταύτης
1065 907 1306 1011 παρατεθείαη

204 1036 407 1141 προφητείη
426 1033 646 1134 ὠνομάσθαι.
677 1032 906 1131 Ἐπίστησόν
924 1067 967 1134 γε
984 1032 1056 1132 μὴν
1074 1035 1154 1112 τίνα
1172 1030 1306 1136 τρόπον

206 1162 227 1238 ὁ
242 1160 334 1259 μετὰ
351 1169 470 1266 χεῖρας
487 1159 677 1266 προφήτης
695 1161 753 1239 καὶ
778 1157 1035 1265 ἐξελεύσεσθαι
1052 1157 1117 1257 μὲν
1135 1158 1180 1265 ἐξ
1195 1159 1301 1261 οὐρα·

205 1293 276 1366 νῶν
307 1286 371 1366 τὸν
405 1286 538 1389 Κύριον
574 1285 769 1389 ἀρχόμενος
802 1283 949 1390 ἔφησεν,
981 1285 1023 1363 oti
1056 1282 1230 1387 πρότερον
1267 1281 1305 1361 δὲ
1317 1319 1346 1353 10

204 1420 387 1511 ποιμανεῖν
413 1411 496 1498 τοῦς
524 1411 731 1514 ἀνθρώπους
758 1409 781 1511 ῆ
810 1414 1020 1512 γεννηθῆναι
1046 1407 1110 1489 τὸν
1135 1407 1301 1510 θεσπιζῦ-

166 1569 198 1616 ιι
205 1571 311 1638 μενον
328 1541 427 1643 ε’ντῆ
447 1538 624 1639 Βηθλεέμ.
659 1537 790 1621 Ὅπως
809 1537 977 1618 δὲταῦτα
995 1538 1052 1617 ε’πὶ
1070 1535 1133 1615 τὸν
1153 1540 1330 1636 Σωτῆρας

205 1668 263 1745 καὶ
290 1663 425 1769 Κύρων
448 1667 548 1765 ἡμῶν
573 1667 787 1767 ἐπεραιοῦτο,
805 1663 1049 1768 ἐμαρτύρησεν
1068 1664 1089 1741 ὁ
1113 1663 1299 1764 εὐαγγελι-

203 1790 295 1889 στῆς
314 1791 358 1869 δι’
378 1788 428 1870 ὧν
445 1791 686 1897 προεξεθέμην
704 1791 813 1869 αὐτοῦ
831 1795 974 1895 φωνῶν.
1026 1786 1168 1888 Ποιμῆν
1185 1786 1224 1867 δὲ
1246 1791 1305 1868 καὶ

203 1915 396 2016 ἡγούμενος
420 1918 441 1995 ὃ
463 1916 625 2021 Χριστὸς
649 1915 971 2021 ἀναδειχθῆσεσθαι
995 1923 1059 1995 τοῦ
1075 1914 1230 2018 Ἰσραὴλ
1253 1916 1326 1996 εἷ’-5

201 2075 315 2144 ρηται,
341 2041 508 2143 συνήθως
535 2047 598 2142 τῆς
627 2049 720 2147 ἱερᾶς
748 2048 892 2150 γραφῆς
918 2039 983 2124 τδν
1009 2045 1128 2141 ἀληθῆ
1149 2041 1304 2144 Ἰσραὴλ

202 2166 294 2247 κατὰ
318 2166 475 2248 διάνοιαν
499 2168 619 2249 ποίντα
645 2167 709 2250 τὸν
727 2167 926 2272 διορατικδν
947 2171 1006 2248 καὶ
1023 2170 1202 2271 οἀρεστῶς
1221 2173 1304 2276 Θεῷ

201 2301 351 2388 βιοῦντα
374 2293 674 2396 ἐπονομαζούοης·
704 2298 753 2402 ὡς
771 2296 927 2393 ἔμπαλιν
944 2291 1027 2378 τοῦς
1048 2297 1087 2373 ἐκ
1111 2299 1303 2396 περιτομῆς

201 2419 309 2500 ὁπόθ’
344 2421 587 2524 ἁμαρτάνοιεν,
616 2419 840 2503 Χαναναίους
873 2423 932 2499 καὶ
959 2419 1104 2523 σπέρμα
1130 2417 1342 2501 ’Χαναάνῐο

202 2549 261 2625 καὶ
285 2548 350 2626 οὐκ
367 2546 494 2644 Ἰούδα,
515 2545 691 2651 ἀρχοντάς
708 2581 747 2626 τε
767 2543 948 2645 Σοδόμων,
967 2549 1026 2625 καὶ
1045 2544 1136 2626 λαὸν
1155 2544 1298 2648 Γομόρ-

158 2725 190 2773 ²⁵
200 2705 276 2773 ρας,
291 2675 453 2778 ἐμφερῶς
467 2675 583 2753 αὐτῶν
601 2680 674 2756 τοῖς
688 2672 833 2775 τρόποις
846 2670 1113 2771 ἀποκαλούσης.
1147 2668 1331 2755 Ἀλλωςιί

241 2820 362 2899 ddum]
379 2826 449 2881 Dedi
462 2826 545 2896 ἀιφαν
558 2834 589 2881 ut
603 2845 691 2898 supro.
805 2823 941 2897 οἀρετ-ῶς]
958 2824 1075 2896 ἀρεστῶς
1091 2824 1123 2880 Ρ.
1138 2831 1169 2878 ut
1182 2823 1255 2895 vulg.
1272 2823 1300 2877 S.

198 2900 212 2945 ¹
223 2905 342 2978 Χονοάμ]
359 2908 462 2962 Χαναὰν
476 2907 506 2960 P.

198 3016 386 3084 concordans,
401 3017 576 3091 apertissime
590 3019 626 3074 de
640 3017 749 3075 Christi
766 3017 909 3093 discipulis
923 3015 1045 3075 dicenti:
1072 3017 1208 3081 Quoniam
1228 3035 1302 3074 nunc

197 3097 447 3171 munificuiuntur
472 3116 555 3172 usque
581 3101 618 3154 ad
641 3107 787 3156 extremum
816 3107 902 3162 terro,
927 3105 955 3154 et
979 3101 1033 3156 erit
1056 3099 1112 3154 Ιιαο
1131 3117 1197 3173 ρος.
1244 3098 1299 3155 Oui

198 3187 421 3234 consentaneum
450 3186 494 3235 est
518 3179 594 3254 quod
624 3179 652 3234 in
676 3179 795 3235 Psalmis
816 3178 921 3254 legitur
945 3179 981 3236 ds
1003 3178 1118 3236 Christo
1144 3178 1298 3245 oraculum,

198 3256 305 3325 dicens,
328 3259 440 3315 Oristur
454 3261 482 3314 ιά
497 3260 590 3316 diebus
609 3258 665 3331 ηἰις
681 3257 795 3331 justitia
817 3267 843 3316 et
865 3260 1032 3316 abundantio
1049 3262 1133 3332 pacis.
1176 3259 1221 3316 Ex
1243 3279 1299 3334 quo
1342 3271 1446 3323 Pam

198 3336 268 3394 mihi
284 3337 398 3394 videtur
413 3339 546 3414 princeps
567 3339 644 3414 pacis
666 3339 695 3395 in
714 3357 757 3401 ea.
779 3359 842 3414 quoe
865 3340 993 3413 proxime
1014 3339 1144 3413 exposito
1164 3347 1217 3403 est,
1232 3357 1298 3412 pro·

197 3417 295 3490 photio
315 3419 463 3476 nominari.
506 3419 713 3476 Animadverte
729 3429 826 3476 tamen
846 3437 950 3493 quaeso,
969 3437 1091 3492 quonam
1113 3430 1197 3492 pacto
1218 3418 1242 3473 is
1263 3419 1299 3474 de

198 3515 255 3572 quo
269 3517 345 3554 nuno
363 3499 475 3574 agimus
494 3499 634 3575 propheta
648 3499 801 3557 Dominum
817 3499 851 3556 de
866 3499 938 3556 coelo
957 3516 1138 3572 egressurum
1153 3496 1234 3553 initio
1248 3497 1297 3562 ait,

198 3595 231 3634 sc
245 3597 304 3634 non
317 3579 394 3653 prins
408 3597 479 3654 erga
492 3579 621 3637 homines
635 3580 756 3654 postoris
771 3579 863 3636 officio
874 3578 1047 3642 functurum,
1062 3595 1147 3652 quam
1165 3585 1302 3632 nascatur

198 3657 222 3713 is
235 3659 283 3732 qai
298 3659 474 3734 aprophetis
495 3660 606 3717 canitur
622 3661 652 3716 in
668 3660 833 3717 Bethleem:
857 3658 1000 3734 quomodo
1015 3675 1083 3714 vero
1103 3656 1165 3713 hoeo
1184 3655 1213 3711 in
1234 3653 1297 3712 Sal-

197 3747 296 3796 vatore
311 3758 344 3797 ac
358 3741 483 3797 Domino
498 3741 650 3798 terminata
664 3741 729 3807 siut,
745 3740 909 3797 testimonio
928 3757 979 3795 sno
1000 3736 1116 3812 planum
1130 3735 1197 3794 facit
1211 3754 1296 3792 ovan-

197 3819 301 3892 gelista
321 3820 350 3876 in
370 3821 406 3876 iis
419 3822 522 3886 verbis,
538 3841 600 3895 quae
621 3822 657 3878 ab
678 3821 726 3879 illo
747 3839 837 3895 nuper
855 3820 995 3894 accipiens
1010 3817 1154 3893 proposui.
1197 3816 1299 3873 Pastor

198 3908 292 3956 autem
314 3910 343 3957 et
361 3901 419 3959 dux
440 3902 528 3977 ipsius
543 3901 631 3960 israel
652 3901 837 3958 declarandus
858 3901 961 3958 dicitur
975 3898 1114 3962 Christus,
1128 3915 1215 3972 quum
1235 3896 1297 3954 haeo

198 3997 341 4037 mnarum
354 3981 499 4039 literarum
514 3982 551 4039 sit
564 3982 749 4048 consuetudo,
763 3989 795 4038 ut
814 3981 985 4039 sententiam
1003 3977 1185 4054 sequentibus
1199 3996 1296 4035 vorum

198 4059 286 4117 Israel
303 4061 451 4119 nominent
464 4081 579 4120 omnem
593 4081 657 4119 eum
672 4062 719 4137 qui
733 4061 918 4136 contemplari
932 4059 1014 4116 facile
1028 4057 1126 4134 possit,
1141 4067 1171 4116 et
1184 4067 1297 4134 gratam

197 4139 259 4197 Deo
273 4141 359 4199 vitam
381 4151 531 4217 sequntur:
553 4144 655 4200 sicuta
674 4143 816 4200 contrario
829 4141 848 4200 J
851 4142 946 4198 udaeos
966 4147 1032 4214 post
1046 4147 1202 4216 peccatum,
1218 4138 1295 4195 uha-

196 4239 320 4288 oanaeos,
342 4230 372 4279 et
388 4241 485 4281 seman
504 4243 562 4280 non
575 4222 652 4281 Joda
668 4223 719 4280 sed
734 4223 880 4286 chanaan,
896 4229 925 4278 et
943 4219 1084 4295 prinsipes
1106 4219 1296 4277 Sodomorum

196 4309 226 4358 et
245 4303 382 4377 populum
405 4303 584 4370 Gomorrha,
599 4305 636 4361 od
657 4322 749 4362 moros
770 4303 882 4360 illorum
904 4301 1061 4358 alludentes
1084 4317 1185 4357 vocare
1206 4297 1298 4354 solitus

237 4417 306 4458 VOL.
321 4419 357 4458 11.
782 4419 797 4454 Ζ
