3130 4722
265 231 330 304 690
739 231 925 298 sususrr
1340 237 1509 308 ναις-

266 391 303 470 δὲ
336 389 426 494 πρὸς
456 393 557 498 λέξιν
590 394 611 492 ή
644 400 748 472 πᾶσα
778 399 842 470 τοῦ
871 393 1038 491 Σωτῆρος
1066 389 1166 488 ήμῶν
1198 385 1363 489 διατριβὴ

265 518 364 622 παρὰ
391 525 442 625 τῷ
464 521 643 598 Ἰουδαίων
666 531 682 574 ⁸
689 519 779 599 ἔθνει
806 518 942 618 γε’γονε,
967 519 1025 595 καὶ
1051 521 1203 596 πολλῶν
1230 549 1272 615 γε
1299 521 1363 592 τοῦ

265 642 418 747 Ἰσραὴλ
435 643 610 746 ήγήσατο,
629 644 710 724 ὅσοι
730 642 773 742 δή
792 644 956 744 ἔγνωσαν
975 640 1082 723 αὐτὸν
1108 646 1168 722 καὶ
1190 648 1237 726 είς
1255 638 1385 725 aurive

266 769 525 849 πεπιστεύκασι
544 777 616 849 τῶν
634 773 672 850 ἐκ
690 775 894 873 περιτομῆς.

227 919 258 968 ιο
325 900 396 974 Καὶ
433 894 474 974 τὸ
510 895 574 994 μὲν
607 900 669 994 τῆς
701 897 899 995 ἐκτεθείσης
931 895 1164 998 προρρήσεως
1199 895 1363 992 τοιαόιην

265 1023 391 1127 εἴληφε
419 1022 484 1121 τήν
512 1023 675 1116 ἔκβασιν·
709 1021 755 1101 τά
783 1022 820 1102 δὲ
849 1024 932 1128 ἑξῆς
960 1025 1021 1128 ἀφ’
1051 1021 1169 1123 ἑτέρας
1196 1025 1360 1122 ἀναγνω-

266 1146 373 1226 στέου
392 1151 514 1253 ἀρχῆς,
534 1151 644 1230 οὕτως
663 1149 802 1251 ἔχοντα·

315 1291 497 1388 Ἀσσύριος
514 1293 595 1363 ὅταν
612 1295 734 1386 ἐπέλθῃ
751 1293 804 1363 ἐπί
821 1295 881 1374 τήν
898 1301 960 1384 γῆν
976 1295 1069 1375 ὑμῶν,
1086 1292 1137 1362 καί
1162 1292 1244 1361 ὅταν
1261 1292 1361 1382 ἐπιβῇ
1374 1323 1404 1357 ιο

267 1407 320 1476 ἐπὶ
348 1407 408 1486 τήν
436 1410 546 1503 χώραν
571 1411 664 1492 ὑμῶν,
691 1409 742 1478 καί
770 1410 1050 1504 ε’πεγερθήσοντιιι
1076 1408 1128 1478 ἐπ’
1149 1403 1247 1478 αὐτόν
1271 1403 1361 1478 ἑπτὰ

266 1523 424 1609 ποιμένες,
442 1524 494 1592 καί
513 1523 597 1594 όκτιό
616 1521 770 1614 δήγματα
788 1523 974 1618 ἀνθρώπων,

266 1657 323 1732 καὶ
347 1651 392 1730 τὰ
415 1653 551 1736 τούτοις
568 1654 759 1750 ἀκόλουθα,
779 1653 803 1732 ἂ
826 1659 885 1733 καὶ
909 1655 1032 1736 ὁποίας
1058 1655 1176 1758 ἔχεται
1198 1655 1362 1750 διανοίας,

226 1781 307 1868 nori
331 1787 395 1858 τοῦ
418 1778 593 1882 παρόντος
611 1781 779 1883 τυγχάνει
797 1779 1042 1882 διηγήσασθαι
1059 1787 1194 1883 καιροῦ.
1255 1779 1362 1860 Εἴποι

265 1907 295 1982 δ
314 1905 359 1982 ἅν
383 1938 435 1987 τις
453 1903 543 2004 μετά
566 1904 632 2004 τήν
649 1909 860 2009 Ἀσσυρίων
884 1913 932 1990 είς
953 1906 1019 2006 τήν
1037 1907 1211 1986 Ἰουδαίαν
1237 1909 1360 2004 ἐπιδη-
1373 1945 1402 1994 15

263 2031 358 2128 μίαν,
382 2032 463 2110 καθ’
490 2029 534 2130 ήν
562 2030 660 2111 εἷλον
687 2031 729 2112 τὸ
752 2033 931 2112 Ἰουδαίων
959 2033 1069 2130 ἔθνος,
1088 2032 1268 2116 τοσαύτας
1294 2035 1402 2129 eir-p.
1413 2049 1479 2130 346

263 2154 480 2242 αναστόσεις
507 2160 582 2239 κατ’
607 2160 723 2237 αὐτῶν
752 2159 944 2260 γεγονέναι,
972 2159 1058 2238 όσαι
1086 2163 1277 2258 δηλοῦνται
1304 2158 1363 2238 διά

264 2292 337 2365 τῶν
355 2285 445 2366 ἑπτὰ
466 2286 642 2385 ποιμένων
662 2289 719 2366 καὶ
738 2285 796 2366 διὰ
814 2293 886 2366 τῶν
904 2286 996 2366 ὀκτὼ
1015 2285 1219 2388 δηγμάτων·
1251 2294 1362 2365 ταῦτα

264 2407 302 2489 δὲ
321 2410 496 2490 δύνασθαι
514 2413 638 2492 εἰδέναι
657 2412 738 2494 τούς
757 2412 803 2492 τά
820 2415 1030 2516 Ἀσσυρίων
1049 2414 1293 2514 ἱστορηκότος,
1310 2411 1383 2492 (frus

263 2537 320 2615 ἐπὶ
338 2533 433 2615 τέλει
451 2535 514 2616 τὸν
531 2541 569 2617 ἐκ
587 2543 650 2637 τῆς
665 2539 830 2638 Βηθλεὲμ
845 2537 1155 2646 προφητευόμενον
1169 2539 1360 2641 γεγονέναι,

264 2661 374 2760 ΙΙμετόι
391 2662 473 2747 τοὺς
489 2663 579 2744 ἑπτὰ
598 2663 736 2765 δηλαδή
754 2666 923 2762 ποιμένας
942 2665 1062 2746 καὶτὰ
1084 2665 1177 2746 όκτὼ
1196 2665 1362 2766 δήγματα
1399 2725 1402 2732 1

264 2797 336 2872 τοῖς
355 2791 567 2892 Ἀσσυρίοις
592 2791 785 2888 συμβάντα
812 2795 850 2871 ἐν
876 2793 1035 2895 ὑστέροις
1062 2791 1202 2896 χρόνοις
1230 2798 1293 2890 τῆς
1314 2799 1362 2876 είς

589 2951 678 3018 Ιίθνη
695 2952 721 3004 S.
805 2947 912 3024 Ιὶκατὰ]
928 2953 992 3021 persi
1007 2952 1036 3006 S.

265 3091 348 3136 sunt:
371 3077 473 3152 alioqui
489 3097 557 3136 vero
578 3079 663 3135 etism
684 3080 856 3138 adverbum
877 3081 1128 3158 interpretantibus
1150 3082 1242 3138 omnis
1264 3080 1363 3138 Seire-

264 3159 335 3216 toris
348 3157 438 3214 nostri
447 3157 513 3215 vitae
528 3159 703 3217 consuetudo
717 3162 791 3235 apud
799 3161 818 3217 J
821 3161 947 3219 udsionm
962 3171 1077 3238 gentem
1091 3161 1154 3226 tuit,
1166 3170 1196 3218 et
1210 3162 1361 3219 multorum

264 3257 301 3296 ex
316 3237 402 3295 lsrael
417 3238 475 3295 dux
490 3238 596 3304 extitit.
607 3258 704 3297 eorum
714 3241 845 3300 videlieet
858 3243 904 3318 qui
919 3243 1010 3318 ipsum
1026 3250 1214 3318 agnoverunt,
1227 3250 1311 3318 etque
1325 3261 1363 3300 ex

265 3317 467 3377 circoncisione
480 3318 509 3376 in
523 3319 617 3397 ipsum
632 3321 819 3379 crediderunt.

305 3401 344 3458 Et
358 3399 387 3457 id
401 3400 515 3475 quidem
530 3402 605 3474 quod
625 3402 661 3458 nd
680 3403 840 3478 expositum
855 3404 999 3461 orsoulum
1018 3403 1142 3479 pertinet
1155 3403 1241 3460 tnlem
1256 3403 1362 3460 exitum

264 3481 381 3546 invenit.
398 3501 460 3556 quse
481 3489 575 3539 sutem
598 3492 753 3558 sequuntur
774 3484 863 3541 altero
884 3493 1029 3558 assumpto
1049 3485 1129 3542 initio
1150 3484 1271 3560 legenda
1288 3491 1362 3550 sunt,

265 3581 326 3636 quse
341 3561 507 3636 sicquidem
530 3581 560 3618 se
579 3561 702 3620 hebent:
726 3565 853 3638 Assyrius
867 3583 947 3638 quum
960 3565 1062 3622 venerit
1075 3569 1103 3622 in
1125 3573 1225 3622 terram
1239 3572 1362 3629 uestram,

265 3650 291 3699 et
306 3661 387 3715 quum
401 3646 550 3700 αςοεπιίιτίί
570 3647 596 3700 ιιι
614 3645 747 3718 τιρίοιιιιιι
770 3654 896 3708 nestrum.
912 3645 1101 3702 excitabuntur
1115 3648 1143 3704 ιἰι
1165 3645 1241 3701 illum
1262 3653 1363 3718 septem

260 3731 395 3796 pastores,
411 3731 437 3780 et
452 3731 512 3782 octo
525 3741 630 3780 morsus
645 3724 789 3789 Ιιοαιίιιιιιιι,
799 3733 828 3782 et
842 3725 955 3800 reliqus,
972 3745 1035 3801 quse
1049 3745 1104 3800 quo
1119 3745 1204 3783 sensu
1219 3725 1276 3782 sint
1290 3725 1363 3782 soei·

264 3802 376 3876 piends.
393 3811 509 3861 nonest
524 3823 598 3860 nuno
612 3804 761 3860 enarrandi
783 3805 870 3862 locus.
913 3806 1022 3864 Dixerit
1036 3815 1131 3866 nutem
1146 3805 1283 3882 quispiam
1297 3812 1363 3880 post

264 3883 447 3956 Assyriorum
470 3883 498 3940 in
519 3883 648 3940 Judaenm
670 3885 832 3949 adventum.
847 3906 903 3962 quo
919 3887 1038 3944 Judsiou
1059 3906 1131 3961 gens
1150 3887 1185 3945 nb
1206 3886 1261 3943 illis
1281 3893 1364 3960 cepte

266 3969 319 4028 est,
334 3970 392 4018 tsm
415 3964 517 4020 multas
536 3964 710 4022 incursiones
730 3974 815 4040 atque
839 3966 1003 4026 insolentias
1025 3975 1124 4026 oontm
1142 3967 1206 4024 illos
1226 3967 1363 4030 extitisse,

267 4059 350 4114 quam
373 4043 468 4099 multe
489 4054 597 4118 septem
619 4046 778 4118 pastoribus
797 4056 826 4104 et
840 4059 905 4104 octo
924 4047 1064 4106 morsibus
1082 4048 1248 4106 indicuntur.
1292 4047 1365 4104 Haee

266 4129 360 4178 sutem
383 4122 447 4178 sciri
469 4141 553 4198 posse
575 4125 661 4182 abiis
680 4127 727 4200 qui
749 4145 794 4184 res
809 4129 988 4202 Assyriorum
1009 4129 1153 4186 memoriae
1168 4128 1361 4202 prodiderint:

267 4217 386 4271 quorum
407 4209 472 4272 post
489 4203 581 4267 finem,
602 4223 666 4260 eum
689 4207 723 4262 de
746 4227 801 4279 quo
820 4208 965 4282 prophetae
987 4209 1140 4282 loquuntur
1160 4209 1194 4264 de
1217 4208 1363 4266 Bethleem

267 4277 404 4342 extitisse,
420 4289 484 4351 post
503 4299 545 4336 vu
566 4282 694 4340 videlicet
717 4295 844 4358 pastores
865 4297 894 4344 et
915 4297 980 4360 post
1000 4308 1056 4345 vru
1079 4307 1190 4346 morsus
1212 4289 1259 4362 qni
1273 4290 1363 4363 Assy·
