3142 4720
55 277 99 291 -
111 259 177 326 292
453 247 680 313 DEMONST.
704 248 871 312 EVANG.
896 250 1016 312 VI.18.
1234 251 1298 316 587

198 410 370 513 ἀρχιερέα,
389 411 505 514 λέπρα
523 413 614 493 κατὰ
632 421 704 493 τῶν
721 419 852 518 ψυχῶν
869 414 1078 520 ἐξήνθησεν,
1092 413 1216 517 ῶσπερ
1235 417 1297 494 οὖν

197 539 257 616 καὶ
287 539 346 617 ’ἐπὶ
373 547 437 618 τοῦ
463 538 597 641 Ὀζίου,
625 539 683 618 ὅτε
711 543 768 618 καὶ
801 540 941 648 ἀοράτῳ
970 539 1113 639 δυνάμει
1143 540 1249 623 αὐτὸς
1277 543 1297 618 ὁ

201 661 334 764 Κύριος
356 664 506 748 ἐπιστὰς
534 671 586 772 τῷ
613 667 859 773 θυσιαστηρίῳ
887 668 1004 745 αὐτῶν
1036 665 1102 764 τὴν
1129 666 1297 771 ἐξουσίαν

199 789 306 869 ἔδωκε
331 795 383 896 τῷ
408 791 648 885 πατάσσονιι,
667 790 800 896 φήσας,
822 789 978 899 Ποίταξιι
1002 791 1038 871 rii
1063 790 1320 891 θυσιαστήριαι

157 949 188 996 ι·
201 914 361 1012 Δυνάμει
378 924 468 1017 γοῦν
485 925 591 995 τοῦτο
608 915 748 1014 ἐδήλου,
767 917 894 1019 λέγων,
906 921 1062 1021 Ἀφίεται
1082 923 1156 1019 ὑμῖν
1175 927 1189 998 ὁ
1211 915 1298 1003 oinos

200 1039 289 1144 ὑμῶν
308 1041 431 1146 ἕρημος.
473 1042 610 1120 Αὐτίκα
628 1049 717 1143 γοῦν
733 1044 790 1121 ἐπὶ
811 1048 861 1150 τῷ
878 1042 983 1123 πάθει
1002 1045 1109 1123 αὐτοῦ
1127 1041 1164 1122 ri
1186 1079 1297 1122 κατα-

200 1165 372 1269 πέτιισμιι
393 1169 448 1246 τοῦ
476 1170 551 1246 ναοῦ
576 1166 714 1264 ἐσχίσθη
738 1165 809 1248 cirri
835 1167 950 1248 ι’ίνοιθει
969 1166 1028 1253 ἕως
1047 1171 1153 1260 notro,
1174 1165 1299 1270 ῶσπερ

201 1291 263 1369 οὖν
281 1293 303 1370 ὁ
320 1290 498 1390 'inivimus
517 1296 656 1393 ἱστορεῖ
670 1295 851 1394 γεγονέναι
869 1293 961 1373 κατὰ
978 1293 1060 1377 τοὺς
1072 1293 1194 1394 Ὀζίου
1213 1293 1297 1398 χρό-
1310 1330 1339 1364 ¹0

201 1446 294 1500 νους·
326 1413 401 1496 εἶτα
418 1415 592 1519 πρότερον
611 1415 675 1514 μέν
698 1419 846 1517 ἐσείσθη
863 1417 910 1497 τὰ
933 1417 1114 1520 πρόπυλα,
1133 1417 1192 1498 ὅτε
1210 1420 1232 1516 ή
1249 1424 1297 1520 γῆ

200 1544 349 1641 ἐσείσθη
378 1541 469 1623 κατὰ
495 1541 559 1623 τὸν
590 1551 653 1622 τοῦ
684 1543 819 1627 πάθους
848 1546 955 1624 αὐτοῦ
985 1543 1119 1647 καιρόν·
1159 1547 1232 1642 μετ’
1257 1549 1327 1624 crib

198 1667 296 1747 πολὺ
321 1667 360 1746 δέ
388 1671 446 1748 καὶ
468 1667 533 1765 τήν
557 1667 716 1771 ἐσχάτην
744 1667 903 1767 ὑπέμεινε
930 1677 1083 1765 πτῶσιν,
1106 1670 1232 1764 λοβῶν
1258 1703 1298 1748 τε

199 1793 268 1892 τὴν
283 1794 452 1900 ἐξουσίαν
473 1796 493 1872 ὁ
515 1793 720 1874 πατάσσων
745 1795 910 1900 διέκοψεν
934 1801 982 1879 εἰς
999 1794 1159 1901 κεφαλὰς
1179 1795 1295 1874 ἁπάν-

159 1953 284 2004 prov.
345 1919 449 1998 Κατὰ
467 1927 572 1999 τοῦτο
591 1919 634 2017 δὴ
654 1920 716 1998 οὖν
733 1928 797 1998 τοῦ
814 1929 937 2023 καιροῦ
959 1924 1018 2000 καὶ
1043 1923 1065 2019 ἠ
1084 1920 1208 2004 κοιλὰς
1226 1927 1298 2000 τῶν

200 2052 264 2124 τοῦ
278 2050 374 2124 Θεοῦ
393 2044 503 2145 ὀρέων
520 2044 710 2150 ἐνεφροίγη,
723 2042 847 2147 ῶσπερ
861 2046 923 2124 οὖν
936 2043 1083 2147 γέγονεν
1096 2049 1154 2127 ἐπὶ
1164 2047 1321 2148 ’osnes

199 2167 290 2272 πρὸς
313 2169 378 2268 μέν
402 2168 511 2272 ῥητὸν
536 2172 595 2250 καὶ
621 2170 730 2276 λέξιν,
749 2170 840 2249 κατὰ
857 2170 923 2269 τήν
940 2172 1127 2268 Ῥωμαίων
1144 2182 1296 2273 πυλωρ-

202 2297 292 2390 κίαν,
320 2295 402 2375 καθ’
434 2294 480 2393 ἣν
507 2292 603 2394 οἶμαι
634 2297 821 2394 συμβῆναί
850 2330 929 2376 τινα
961 2305 1116 2393 τοιαῦτα,
1143 2296 1235 2398 πρὸς
1263 2297 1300 2377 δέ

202 2421 369 2516 διάνοιαν,
381 2419 439 2500 ὅτε
459 2421 480 2518 ἡ
499 2421 686 2521 σωματικὴ
704 2426 763 2501 καὶ
781 2421 1007 2524 ταπεινοτέρα
1026 2432 1089 2502 τοῦ
1107 2421 1300 2506 11Μωσείος

204 2544 314 2645 νόμον
332 2548 479 2648 λατρεία
496 2548 717 2646 ἀπεκλείσθη
737 2554 785 2631 είς
802 2547 845 2627 τὸ
862 2547 984 2648 μηκέτι
1003 2552 1222 2652 ἐνεργεῖσθαι
1241 2549 1299 2628 διὰ
1311 2586 1340 2621 ιο

203 2672 266 2751 τὸν
288 2673 444 2770 σεισμὸν
467 2673 531 2752 τὸν
555 2672 752 2753 ἐπελθόντα
773 2683 1002 2779 προφητικῶς
1028 2677 1072 2781 ἐξ
1093 2677 1223 2755 ἐκείνου
1249 2681 1300 2782 τῷ

653 2841 669 2886 ²¹
684 2846 808 2914 μωνσέοις
822 2847 849 2900 S.

204 2989 282 3064 lepre
295 2989 396 3046 animis
410 2990 520 3047 illorum
536 2990 636 3046 oborta
649 2997 702 3055 est,
715 2989 787 3047 siout
801 2990 885 3046 etiem
900 2988 980 3046 Oziae
992 2990 1176 3064 temporibus,
1189 2989 1300 3064 quaudo

204 3070 232 3124 vi
256 3069 377 3144 quodam
401 3069 532 3126 invisibili
555 3070 695 3126 Dominus
719 3070 807 3126 ultore
834 3070 967 3126 insistens
994 3070 1105 3127 illorum
1130 3079 1301 3145 potestatem

204 3149 270 3206 iecit
290 3149 467 3223 percutienti,
481 3150 588 3214 dicens,
605 3157 720 3224 percute
738 3150 837 3208 altore.
879 3151 965 3207 Certe
986 3169 1037 3206 sue
1057 3150 1143 3225 ipsius
1160 3159 1300 3224 potestate

205 3229 259 3286 boc
272 3230 365 3303 ipsum
379 3228 542 3297 declaravit,
558 3230 662 3294 dicens,
680 3229 856 3303 Relinquitur
868 3230 943 3286 vobio
963 3233 1057 3288 domus
1075 3239 1163 3288 uestra
1184 3232 1299 3288 deserta⁸

207 3307 341 3366 Protinus
354 3329 476 3385 namque
490 3311 557 3366 dum
568 3310 616 3367 ille
630 3318 782 3384 pateretur,
794 3309 882 3367 uelum
898 3311 988 3386 templi
998 3313 1106 3367 scutum
1114 3319 1153 3368 est
1166 3331 1185 3367 ο
1197 3330 1301 3368 summo

205 3407 287 3462 mqrie
300 3392 338 3446 ad
352 3393 445 3456 imum,
455 3390 692 3464 quemadmodum
702 3389 844 3465 Josepbus
858 3399 954 3447 namet
968 3391 1120 3466 contigisse
1131 3390 1210 3447 Ozise
1224 3392 1301 3466 regis
1369 3403 1374 3414 ·

205 3469 396 3544 temporibus:
422 3479 483 3527 tum
507 3471 627 3545 primum
654 3471 766 3544 quidem
789 3479 932 3529 commotu
953 3479 1020 3526 sunt
1043 3471 1190 3532 vestibulo,
1214 3490 1300 3545 quum

205 3557 281 3606 terra
305 3558 384 3606 mota
400 3559 444 3607 est
464 3550 604 3626 passionis
624 3549 698 3607 illius
713 3559 849 3625 tempore.
890 3549 1000 3607 Deinde
1020 3548 1095 3604 haud
1118 3549 1207 3605 multo
1225 3559 1300 3624 post,

205 3635 364 3686 extremum
388 3649 500 3706 quoque
523 3630 640 3704 pertulit
664 3649 771 3697 cusum,
790 3638 959 3704 acceptoque
979 3636 1121 3704 potestate
1141 3629 1301 3702 percutiens

205 3707 307 3766 cecidit
325 3709 355 3765 in
377 3710 468 3785 cupite
489 3711 633 3768 omnium:
656 3709 711 3767 boc
731 3710 819 3786 iffl'tur
838 3718 965 3784 tempore
983 3707 1063 3765 vullis
1083 3709 1224 3765 montium
1246 3708 1302 3766 Dei

205 3787 337 3846 obturata
365 3798 417 3854 est,
441 3789 678 3865 quemadmodum
707 3790 785 3847 Oziae
813 3789 987 3865 temporibus
1015 3789 1117 3846 evenit.
1163 3789 1249 3857 Quod
1277 3791 1301 3847 si

205 3867 310 3925 dictum
333 3869 445 3943 quidem
469 3889 502 3927 no
525 3871 612 3927 verbu
634 3870 786 3945 sequimur,
809 3870 915 3926 fectum
939 3889 1007 3927 sune
1031 3869 1061 3926 id
1084 3869 1217 3927 fueritin
1240 3871 1301 3945 ipsu

205 3947 352 4005 obsidione
374 3949 578 4014 Romanorum,
601 3951 756 4007 secundum
785 3969 868 4024 quum
895 3959 965 4028 puto
988 3951 1116 4024 quedam
1139 3949 1206 4007 talin
1227 3970 1299 4008 accr-

205 4026 298 4084 disse:
320 4027 431 4086 sivero
456 4030 635 4094 sententium,
657 4048 713 4104 qno
736 4040 864 4104 tempore
887 4031 1039 4106 corporalis
1062 4031 1109 4087 illu
1130 4040 1159 4088 et
1183 4031 1300 4088 humum

204 4115 335 4181 spectans
353 4108 489 4166 Mosaicae
507 4109 581 4184 legis
601 4110 729 4167 adoratio
749 4108 864 4166 exclusa
885 4118 938 4176 est,
958 4118 988 4166 ut
1008 4129 1065 4166 non
1087 4111 1206 4185 amplius
1227 4112 1299 4168 ceie-

203 4185 310 4252 bretnr.
324 4197 440 4264 propter
454 4198 647 4247 terremotum
662 4208 697 4246 ex
712 4189 760 4245 iiio
773 4189 937 4264 prophetice
951 4189 1126 4264 praedictnm,
1142 4191 1188 4264 qui
1203 4191 1300 4246 Judai·

205 4283 265 4324 cem
280 4277 395 4342 gentem
411 4271 523 4334 invasit,
537 4288 571 4326 nc
589 4278 705 4344 propter
726 4278 837 4336 caeteru,
851 4288 913 4344 quse
928 4269 1018 4344 polum
1034 4271 1176 4327 memorius
1191 4270 1301 4342 prodita

724 4373 780 4418 Κλ
