3130 4722
67 259 183 343 -3⁶9·
423 260 652 328 nunnusu.
677 263 847 329 uvauo.
871 265 967 329 v111.
989 285 1014 328 1.
1233 267 1296 333 roa

197 429 364 527 Σωτῆρος
391 428 492 525 ἡμῶν
521 427 695 533 φανέντος
726 432 765 508 ἐν
797 429 996 532 ἀνθρώποις
1024 428 1065 508 τὸ
1095 437 1168 508 πᾶν
1197 430 1297 514 ἔθνος

195 555 327 631 δοῦλον
356 553 544 652 Ῥωμαίοις
577 556 802 635 καθίσταται·
832 558 890 635 καὶ
916 558 994 636 ἀντὶ
1022 563 1093 635 τῶν
1119 556 1296 658 πατρόθεν
1304 590 1336 655 ρ.
1346 571 1411 654 369

194 679 313 761 αὐτοῖς
345 681 404 758 καὶ
434 677 527 759 κατὰ
564 680 693 779 νόμους
723 682 928 783 ἡγουμένων
960 688 1100 784 πρῶτος
1130 681 1297 784 Ἡροίδης

194 802 409 910 ἀλλόφυλος
441 807 558 886 αὐτῶν
589 807 725 908 ἡγεῖται
752 811 832 887 0καὶ
863 808 1038 900 βασιλεὺς
1069 809 1293 908 Αὔγουστος.

156 925 286 1014 ιι’Ἕως
304 929 372 1029 μὲν
389 932 451 1011 οὖν
469 932 555 1011 ούδέ
567 967 626 1012 πω
652 936 871 1014 διαλελοίπει
896 933 1007 1042 ι’ίρχιιι
1033 933 1069 1040 ἐξ
1087 931 1206 1032 Ἰούδα,
1226 928 1296 1017 οὐδὲ

191 1056 365 1159 ἡγούμενος
387 1059 425 1138 ἑιι
447 1057 519 1137 πῖν’
530 1059 635 1164 μηρῶι
652 1063 765 1149 αὐτιῦ,
785 1067 858 1139 τῶν
874 1068 1103 1166 προφητειῶν
1122 1067 1155 1140 οἱ
1173 1061 1317 1165 χρόνοις

191 1183 230 1262 ἐκ
250 1188 314 1283 τῆς
341 1192 413 1264 τῶν
441 1183 625 1289 ἀρχόντων
650 1195 714 1266 τοῦ
741 1185 861 1270 ἔθνους
886 1185 1117 1287 παραθέσεως
1139 1187 1290 1289 ἀνεγρά·

191 1315 316 1413 φοντο.
376 1313 505 1395 Οὕτως
538 1312 601 1390 οὖν
631 1311 789 1396 Ἠσαίας
816 1317 854 1392 ἐν
883 1315 1056 1419 βασιλείᾳ
1082 1315 1204 1416 Ὀζίου
1235 1317 1293 1394 καὶ

191 1436 342 1516 Ἰωιίθαν
375 1439 432 1518 καὶ
456 1435 586 1541 Ἀχαζ
608 1441 666 1517 καὶ
693 1438 859 1541 Ἐζεκίου,
892 1437 926 1518 oi
956 1440 1202 1531 ἐβασίλευσαν
1229 1443 1294 1538 τῆς

157 1562 374 1660 ιθἸονδαίας,
391 1563 617 1669 προφητεύει.
666 1566 825 1663 Ὁμοίως
852 1564 889 1644 δὲ
917 1569 976 1644 καὶ
1001 1565 1128 1662 Ὠσηέ.
1177 1567 1226 1645 ‘O
1255 1565 1333 1645 δὲιὸ

191 1687 313 1788 Ἀμῶς
337 1694 375 1770 ἐν
399 1690 542 1792 ἡμέραις
559 1689 683 1792 Ὀζίου
707 1689 889 1786 βασιλέως
906 1688 1034 1787 Ἰούδα,
1054 1694 1112 1769 καὶ
1137 1693 1174 1772 ἐν
1201 1692 1288 1792 ἡμέ-

191 1848 270 1915 ραις
292 1812 500 1917 ’Ἱεροβοᾶμ
526 1819 601 1895 niori
618 1814 731 1911 Ἴσιός,
748 1815 930 1912 βασιλέως
947 1814 1110 1919 Ἰσραὴλ,
1129 1821 1188 1896 καὶ
1215 1822 1321 1897 Σο-Ιι

193 1940 319 2043 φονίας
337 1943 375 2019 ἐν
392 1939 536 2042 ἡμέραις
548 1942 701 2038 Ἰωσίου,
717 1946 791 2020 υἱοῦ
806 1939 958 2039 εἴἈμὼς,
971 1941 1290 2036 βασιλέωςἸούδα.

192 2065 404 2163 Ὀμοίωςδὲ
428 2070 488 2146 καὶ
504 2069 684 2169 Ἱερεμίας.
731 2068 840 2146 Ἀλλ’
861 2067 920 2147 ὅτε
947 2066 1153 2149 ἐκλέλοιπεν
1182 2070 1292 2170 ἅρχων

193 2191 228 2297 ἐξ
246 2187 356 2271 Ἰούδα
382 2203 442 2272 καί
468 2192 641 2298 ἡγούμενος
659 2195 699 2273 εἰι
724 2191 785 2272 τόν
803 2192 909 2299 μηρύίι
934 2197 1044 2284 αὐτοῦ,
1064 2198 1129 2291 τῆς
1146 2193 1205 2273 διὰ
1228 2205 1292 2275 τοῦ

191 2321 355 2420 Χριστοῦ
381 2321 694 2424 προφητευομίνης
720 2320 938 2422 προσδοκίας
963 2326 1036 2399 τῶν
1063 2322 1176 2400 ἐθνῶν
1203 2319 1314 2404 decvs

192 2447 291 2524 οὕτω
316 2445 524 2544 μελλούσης
541 2445 755 2544 ἐπιλάμπειν
778 2451 830 2552 τῷ
849 2447 929 2552 βίιρ,
949 2445 1063 2525 οὐκέτι
1088 2445 1153 2544 μὲν
1177 2453 1288 2540 βασι·

156 2577 265 2654 ιςλεῖς
283 2569 528 2675 ἐχρημάτισαν
543 2570 672 2670 Ἰούδα,
691 2570 770 2651 οὐδὲ
789 2569 977 2672 ἡγούμενοι
993 2569 1158 2671 Ἰσραήλ.
1196 2571 1292 2651 Τού-

189 2729 260 2775 των
285 2695 324 2775 δέ
347 2704 423 2780 ταῖς
440 2698 673 2803 προφητείαις
690 2696 896 2779 ἀκολούθως
914 2694 1004 2774 κατὰ
1029 2693 1111 2778 τοὺς
1130 2697 1286 2795 ὡρισμέ-

188 2853 270 2904 νους
301 2819 450 2924 χρόνους
482 2819 771 2918 διαλελοιπότων,
798 2827 940 2924 πρῶτος
971 2817 1037 2913 μὲν
1067 2820 1288 2921 Αὔγουστος,
1301 2861 1331 2896 ιο

189 2944 347 3047 δεύτερος
366 2945 404 3026 δὲ
421 2949 597 3050 Τιβέριος,
610 2945 701 3045 μετὰ
717 2952 790 3025 τῶν
809 2946 935 3026 ἄλλων
952 2949 1010 3025 καὶ
1028 2954 1092 3026 τοῦ
1109 2947 1290 3027 Ἰουδαίων

391 3125 459 3178 cnr
473 3141 526 3178 om.
542 3124 605 3180 as,
687 3119 767 3177 tuoe
783 3123 845 3178 us,
939 3121 1040 3193 ena·
1055 3123 1084 3179 s,

188 3265 326 3322 Romanis
350 3266 482 3324 universa
499 3285 571 3342 geue
591 3266 693 3324 cessit:
715 3273 745 3324 et
765 3285 817 3340 pro
837 3266 935 3341 patriis
956 3284 989 3323 ac
1010 3266 1146 3342 legitimis
1170 3267 1289 3326 ducibus

188 3346 296 3419 primus
313 3347 445 3404 Herodes
466 3356 601 3404 externus
620 3347 677 3404 illie
697 3347 810 3421 prefuit
830 3355 859 3405 et
877 3365 929 3404 rex
943 3348 1101 3420 Augustus.
1144 3347 1288 3414 Quamdiu

188 3426 277 3500 igitur
289 3446 347 3484 non
363 3427 467 3485 defecit
477 3431 604 3502 princeps
622 3428 755 3492 deludo,
769 3445 853 3502 neque
867 3429 924 3483 duo
937 3426 1130 3500 defemoribus
1140 3425 1207 3497 ιγὐι,
1222 3445 1289 3500 pro.

161 3556 168 3568 .
187 3506 347 3579 phetiarum
359 3516 487 3582 tempora
497 3507 636 3585 appositio
648 3507 805 3582 principum
820 3507 915 3581 gentis
926 3506 1087 3562 nominibus
1098 3506 1287 3563 notabantur:

188 3587 229 3643 nic
243 3587 318 3644 enim
332 3587 432 3645 Esaiae
446 3587 499 3644 aab
512 3588 629 3663 regibus
643 3588 725 3652 Ozia,
739 3588 872 3652 Joathan
889 3586 994 3651 Acheru,
1010 3594 1040 3642 et
1049 3585 1180 3649 Ezechia¹
1196 3585 1289 3660 quiin

187 3666 288 3724 Judaen
301 3679 466 3742 regnarunt,
481 3668 658 3743 prophetiam
673 3687 752 3726 cuam
768 3667 912 3725 contexit:
935 3666 1063 3723 similiter
1077 3665 1162 3722 Osee.
1197 3666 1289 3722 Amos

188 3765 257 3804 vero
281 3748 311 3804 in
329 3749 428 3806 diebus
450 3749 529 3805 Oziae
549 3749 625 3823 regis
643 3748 727 3815 duda,
748 3743 777 3805 et
798 3749 827 3804 in
850 3747 948 3805 diebus
965 3746 1037 3804 Jeeu
1056 3745 1106 3802 filii
1121 3745 1191 3802 Joae
1211 3745 1289 3821 regin

189 3827 294 3885 lornei:
316 3837 346 3886 et
360 3828 521 3903 Sophouiae
535 3830 564 3885 in
579 3829 678 3886 diebus
691 3827 778 3886 Josiae
792 3827 843 3885 filii
856 3829 951 3884 Amou
965 3827 1042 3901 regia
1052 3825 1145 3882 Jude:
1161 3825 1289 3883 similiter

189 3906 359 3966 Hieremiae.
403 3908 461 3966 Sed
481 3910 529 3966 ubi
551 3909 653 3966 defecit
669 3912 798 3985 princepe
818 3911 852 3966 de
869 3908 947 3966 Judo
968 3915 994 3964 et
1011 3909 1067 3964 duo
1081 3908 1121 3984 ¹de
1131 3905 1290 3982 semoribus

190 3985 254 4057 ηἰιι,
271 4007 357 4063 quum
371 3990 531 4064 expectatio
545 3990 684 4065 gentium,
699 3991 734 4047 de
755 4007 811 4064 qua
830 3988 976 4064 prophetae
993 3985 1080 4044 locuti
1093 3985 1215 4053 fluerunt,
1227 3987 1288 4061 jam

185 4067 245 4141 jam
266 4087 320 4144 per
340 4070 487 4127 Christum
500 4069 589 4128 vitum
610 4079 685 4128 esset
704 4070 884 4134 illustratura,
900 4085 958 4124 nou
978 4067 1099 4143 emplius
1115 4085 1199 4142 regen
1212 4067 1289 4124 Juda

188 4149 297 4206 censeri
320 4167 410 4224 neque
434 4151 521 4208 duces
545 4151 633 4208 Israel
656 4168 776 4224 coepere.
803 4149 852 4206 aed
877 4148 921 4204 hie
945 4148 1023 4222 ipsis,
1049 4147 1287 4221 quemadmodum

188 4229 344 4304 prophetiae
365 4229 602 4305 significaverunt,
617 4249 669 4287 euo
690 4239 769 4287 certo
790 4237 819 4286 et
832 4229 913 4286 finito
933 4237 1061 4302 tempore
1082 4227 1286 4289 deficientibus,

188 4308 295 4380 primus
315 4309 427 4384 quidem
448 4312 605 4386 Augustus,
627 4311 767 4368 secandas
791 4317 885 4367 nutem
906 4308 1045 4371 Tiberine,
1067 4316 1095 4364 et
1117 4307 1233 4364 alierum
1258 4313 1287 4360 et
