3120 4716
7 206 22 322 ν’
76 236 205 314 -ιότ
476 247 1016 314 nnnonsn.nvnnn.x.1.
1257 255 1317 320 ον]

178 432 209 466 νο
218 402 350 502 Γέγονε
369 415 456 505 γοῦν
476 407 563 510 ὑπὲρ
583 411 682 508 ἡμῶν
703 411 839 512 κατάρα
859 423 873 493 ί
893 413 999 516 ἀμνῦς
1016 415 1071 491 τοῦ
1090 415 1175 491 Θεοῦ
1194 421 1207 492 ο’
1228 416 1320 520 αἴραν
1329 446 1359 507 ρ.
1372 427 1433 506 467

216 525 269 618 cip
294 535 463 634 ἁμαρτίαν
491 537 544 611 τοῦ
572 537 711 639 κόσμον·
743 535 784 614 ὃν
810 545 868 616 καί
896 537 942 640 μῦν
967 539 1085 637 γνόντα
1108 542 1279 640 ἁμαρτίαν
1305 548 1319 616 o‘

217 652 303 737 Θεῦς
322 654 401 762 ὑπὲρ
421 656 507 758 ἡμιῦν
526 663 695 766 ἀμαρτίαν
720 663 877 754 ἐποίησεν,
899 663 1099 768 ἀντίφυχον
1119 661 1205 763 ὑπὲρ
1223 661 1316 740 πάν-

215 810 288 856 των
301 779 401 876 ἡμῶν
415 782 606 883 προέμενος
625 786 744 883 αὑτὸν,
756 789 812 866 ’ίνα
831 793 923 890 ἡμεῖς
941 785 1115 889 γενόμεθα
1134 783 1344 880 ἀινοαιοσιίνννν

217 906 303 982 Θεοῦ
333 908 361 983 ἐν
390 913 492 1014 αὐτῷ.
551 912 658 989 Ἀλλ’
689 914 764 990 ἐπεὶ
797 918 853 992 καὶ
888 917 925 992 ἓν
955 914 1151 1012 ὁμοιώματι
1184 914 1321 1015 σαρκός

217 1031 390 1131 ἁμαρτίας
408 1033 594 1133 γενόμενος
612 1037 790 1138 κατέκρινε
808 1039 874 1137 τὴν
892 1041 1068 1139 ἁμαρτίαν
1083 1042 1121 1116 ἐν
1138 1044 1183 1142 τῇ
1198 1042 1318 1140 σαρκὶ,

178 1188 207 1221 τι
219 1153 359 1239 εἰκότως
377 1158 593 1262 προφέρεται
611 1161 656 1239 τά
674 1164 861 1256 ἐκκείμενα.
907 1161 994 1243 Ὅτι
1014 1163 1050 1242 δὲ
1069 1162 1132 1246 τάς
1152 1166 1320 1264 ἡμετέρας
1331 1200 1360 1234 ¹0

217 1282 389 1382 ἁμαρτίας
407 1285 680 1388 ἐξοικειούμενος
698 1286 756 1364 διὰ
781 1287 846 1385 τὴν
871 1284 962 1390 πρὸς
981 1289 1071 1384 ἡμᾶς
1095 1285 1238 1387 ἀγάπην
1261 1291 1319 1366 καὶ

215 1408 632 1508 φιλανθρωπίανρταῦτοί
655 1418 781 1513 φησιν,
800 1413 882 1515 ἑξῆς
908 1410 1135 1504 ὑποκαταβὰς
1161 1413 1199 1494 ἐν
1224 1413 1348 1518 αὐτῷῑ)

214 1535 265 1636 τῷ
296 1537 442 1638 Ψαλμῲ
472 1533 638 1638 ἐπιφέρει,
668 1533 796 1635 λέγων,
824 1537 902 1639 ἐμοῦ
931 1534 965 1614 ἀὲ
997 1533 1054 1614 cib
1082 1533 1135 1627 cin
1163 1541 1318 1615 ἀκακίαν

215 1659 418 1750 ἀντελοίβον,
438 1665 568 1762 σαφῶς
594 1660 635 1738 τὸ
663 1659 897 1762 ἀπειρόκακον
918 1669 982 1739 τοῦ
1006 1663 1119 1757 ἀμνοῦ
1138 1669 1200 1738 τοῦ
1223 1665 1318 1738 θεοῦ

213 1781 403 1882 παριστάς.
460 1789 545 1865 Πῶς
564 1783 601 1862 δὲ
619 1783 684 1866 τὰς
701 1786 871 1885 ἡμετέρας
890 1786 1063 1883 ἁμαρτίας
1082 1784 1340 1888 ἐξοικειοῦται,5

214 1910 272 1985 καὶ
301 1914 378 1989 πῶς
407 1907 527 2010 φέρειν
556 1909 697 2009 λέγεται
725 1908 789 1992 τάς
817 1910 964 2006 ἀνομίας
994 1911 1104 2008 ἡμῶν,
1132 1907 1155 2008 ἢ
1186 1912 1268 1987 καθ’
1296 1907 1316 1988 ὃ

215 2038 324 2127 σῶμα
360 2033 468 2110 αὐτοῦ
504 2029 589 2110 εἶναι
633 2033 827 2133 λεγοίμεθα,
868 2033 959 2113 κατά
1001 2034 1064 2113 τὸν
1108 2032 1316 2113 ἀπόστολον

214 2155 396 2257 φήσαντα,
410 2162 499 2253 ὑμεῖς
516 2154 551 2238 ἀὲ
566 2157 638 2238 ἑστέ
657 2158 763 2263 στῦμα
777 2163 925 2266 Χριστοῦ,
939 2168 998 2239 καὶ
1013 2159 1101 2262 μέλη
1118 2161 1157 2238 ἑκ
1174 2161 1311 2264 με’ρονςς

175 2311 205 2344 2²
217 2284 288 2360 Καὶ
307 2284 389 2359 καθ’
411 2280 431 2360 ὃ
455 2282 649 2380 πάσχοντος
675 2287 739 2369 ἑνός
761 2286 886 2388 μέλους
906 2282 1114 2389 σνμποίσχει
1134 2283 1251 2364 ποίντα
1270 2287 1356 2363 ratio

213 2410 312 2512 μέλη,
332 2411 443 2491 οὕτως
467 2415 539 2487 τῶν
563 2415 715 2488 πολλῶν
732 2416 853 2508 μελῶν
873 2407 1090 2512 πασχόντων
1113 2414 1170 2488 καὶ
1195 2411 1312 2511 ἀμαρ-

212 2530 402 2628 τανόντων,
421 2537 479 2612 καὶ
503 2531 608 2615 αὐτὸς
634 2532 725 2613 κατά
748 2534 830 2616 τοῦς
848 2539 912 2632 τῆς
930 2536 1153 2630 συμπαθείας
1172 2531 1339 2633 λ’ὁγους,ο

216 2657 419 2760 (ἐπειδήπερ
448 2659 618 2757 εὖδόκησε
649 2665 745 2738 θεοῦ
776 2657 894 2759 Λόγος
928 2657 978 2736 niv
1009 2657 1155 2762 μορφὴν
1184 2659 1314 2736 δούλου

212 2790 339 2876 λαβεῖν
371 2787 429 2861 καὶ
459 2789 510 2889 τῷ
540 2789 646 2890 κοινῷ
672 2784 818 2862 πάντων
847 2785 948 2880 ἡμῶν
977 2782 1187 2880 σκηνώματι
1219 2815 1309 2860 σνν-

211 2984 275 3045 Dei,
291 2985 339 3054 qni
352 2984 426 3039 toute
439 2991 578 3056 peccatum
594 2985 696 3049 mundi,
711 3004 789 3060 quem
803 3004 856 3041 ννοιν
871 2992 1072 3060 cognoscentem
1082 2991 1225 3056 peecatum
1237 2981 1314 3038 Deus

208 3081 260 3135 pro
274 3062 349 3118 nobie
367 3070 506 3135 peccatum
519 3065 603 3138 fecit,
619 3064 686 3120 dum
701 3064 779 3120 illum
798 3066 918 3138 pretium
934 3065 1088 3120 animatum
1103 3082 1136 3118 ec
1151 3063 1245 3117 vivum
1260 3079 1312 3134 pro

210 3143 315 3198 nostris
330 3144 454 3198 omnium
470 3143 570 3200 animis
585 3143 680 3208 trudit,
697 3153 727 3200 nt
748 3164 797 3201 noc
818 3145 966 3219 ffciumnr
983 3143 1097 3215 justitie
1119 3143 1175 3198 Dei
1196 3144 1222 3196 in
1244 3143 1311 3215 ι’ρεο.

211 3219 269 3278 Sed
283 3223 395 3296 quaudo
410 3223 494 3279 etiam
508 3223 537 3279 in
553 3223 762 3280 similitudinem
778 3225 870 3280 cernis
884 3225 991 3297 peccati
1006 3224 1097 3278 fnctnu
1111 3219 1311 3276 condemnavit

210 3311 356 3374 peccatum
377 3303 406 3357 in
425 3321 517 3366 enine,
538 3304 639 3358 merito
658 3303 840 3378 proferuntur
859 3321 900 3366 eu,
924 3321 986 3375 quae
1003 3303 1062 3376 jum
1084 3301 1212 3373 exposita
1233 3307 1309 3355 sunt.

210 3381 295 3448 Quod
309 3391 402 3438 autem
418 3392 533 3455 peccatu
551 3391 649 3438 nostre
668 3401 718 3438 sun
736 3383 842 3438 inciens
863 3389 978 3455 propter
992 3381 1158 3436 charitatem
1173 3397 1243 3453 erge
1256 3397 1310 3433 non
1396 3433 1400 3444 ,

210 3479 242 3516 nc
256 3461 482 3518 benevolentiam
502 3462 563 3518 haec
582 3462 665 3527 dicat,
680 3463 812 3535 deinceps
831 3461 958 3517 oratione
977 3477 1144 3532 progressus
1163 3457 1192 3512 in
1208 3457 1309 3512 eodem

210 3540 322 3596 Psalmo
337 3541 521 3606 demonstrat,
537 3541 642 3604 dicens,
658 3542 811 3598 Menatem
832 3547 945 3616 propter
959 3541 1138 3594 innocentiam
1156 3538 1308 3610 suscepisti.

209 3620 320 3688 Quibus
335 3622 427 3676 verbis
448 3621 609 3694 planissime
631 3639 736 3694 egnum
756 3619 810 3676 Dei
829 3619 921 3675 omnis
941 3618 1005 3674 ninii
1024 3625 1169 3690 expertem
1184 3625 1213 3672 et
1226 3615 1307 3670 inno-

209 3718 293 3754 cuum
308 3701 442 3756 ostendit.
485 3699 542 3758 Sed
558 3718 614 3773 qno
628 3701 742 3756 tandem
758 3700 843 3756 modo
857 3699 904 3755 ille
924 3707 1039 3772 peccata
1056 3705 1154 3752 nostra
1167 3714 1218 3750 suu
1231 3693 1308 3757 fecit,

210 3788 238 3834 et
253 3797 309 3852 quo
323 3779 391 3835 item
406 3781 491 3836 inodo
505 3779 665 3853 iniquitates
679 3789 791 3852 nostine
806 3779 890 3835 tulit?
914 3797 981 3834 num
1003 3796 1038 3833 ex
1057 3794 1091 3831 eo
1112 3774 1187 3849 quod
1206 3791 1309 3846 corpus

210 3857 283 3913 illine
298 3877 351 3914 nos
365 3879 426 3916 esse
441 3859 509 3915 dicti
529 3877 635 3922 sumus.
652 3860 735 3916 nteit
754 3858 919 3932 apostolus?
946 3857 999 3912 Vos
1019 3863 1110 3912 nutem
1130 3857 1192 3910 estis
1212 3871 1309 3924 οονριιι

212 3939 312 3993 curun
325 3947 351 3993 et
366 3939 483 3994 ννιονννὸνα
499 3957 531 3994 ee
543 3946 714 4011 purtc,etex
725 3938 844 4012 eoquod
855 3940 918 3992 dnm
934 3955 1016 3991 unum
1032 3934 1175 3990 menibrum
1189 3933 1307 4006 patitur,
1332 3929 1338 3942 '
1375 3948 1381 3960 ·

207 4018 293 4074 simul
316 4021 488 4074 aniciacum
512 4037 542 4074 eo
566 4018 685 4074 membru
707 4021 860 4090 patiuntur,
882 4017 922 4072 itu
947 4014 1088 4079 nimirum,
1113 4013 1208 4068 multis
1232 4011 1308 4067 enim

209 4097 381 4169 petientibus
395 4106 424 4154 et
437 4098 618 4171 peccantibus
633 4097 776 4160 membris,
789 4097 850 4172 ipse
861 4113 971 4169 qnoque
985 4093 1094 4150 ratione
1105 4091 1309 4148 consentientis

209 4177 261 4232 eibi
290 4177 412 4234 invicem
440 4187 548 4233 natnroe
573 4176 813 4250 (quandoquidem
839 4193 925 4249 quum
947 4173 1003 4229 Dei
1028 4173 1155 4228 Verbum
1183 4180 1258 4228 esset
1283 4170 1309 4224 ei

209 4255 314 4328 placuit
333 4267 362 4313 et
382 4257 501 4313 formam
517 4258 588 4312 servi
607 4257 743 4330 accipere,
759 4264 788 4311 et
802 4253 944 4312 communi
960 4252 1086 4308 omnium
1106 4258 1205 4307 nostro
1219 4249 1309 4304 domi-

251 4369 317 4407 von.
335 4371 370 4408 n.
793 4368 809 4423 3
828 4369 843 4404 n
