3120 4716
58 249 195 319 *4532-
429 241 658 311 DEMONS'I'.
682 247 853 314 EVANG.
876 249 944 314 IX.
964 265 1012 335 15.
1244 254 1310 322 897

198 400 381 502 ἐναργείας
407 409 552 506 καὶτῆς
576 416 649 488 τῶν
675 411 899 513 πραγμάτων
926 411 1121 505 ἐκβάσεως.
1182 408 1307 494 Μόνος

197 522 270 625 γάρ
295 527 398 611 οὗτος
423 528 489 629 τὴν
518 531 730 628 μέλλουσαν
758 539 877 639 κρίσιν
901 543 975 620 τοῖς
1000 535 1119 616 έθνεσι
1146 535 1299 636 προεκή-

196 651 316 757 ρυξεν,
340 654 460 760 ἡσυχῆ
488 664 539 764 τῷ
565 660 635 766 βίῳ
663 666 735 741 τῶν
759 661 959 764 ἀνθρώπων
986 659 1221 760 ἐπιδημήσας,
1245 665 1302 742 καὶ
1315 697 1344 734 ιο

196 779 316 880 κρίσιν
333 782 390 860 ἐπὶ
407 786 471 881 τῆς
489 786 556 885 γῆς
575 785 730 882 θέμενος·
759 790 817 866 καὶ
836 789 877 866 οὐ
895 787 1006 885 μόνον
1024 786 1189 886 κάλαμον
1207 796 1331 867 συν-Ι)

193 906 422 1006 τετριμμένον
435 909 477 986 οὐ
491 907 669 1015 κατέαξεν,
682 910 792 1009 ἀλλά,
804 912 837 990 εἴ
847 913 947 991 ἐστιν
960 919 1078 1008 εἰπεῖν,
1090 913 1299 1013 συνέδησεν,

193 1031 404 1130 ἀνορθώσας
429 1037 487 1113 καὶ
513 1033 682 1138 ἰσχυροὺς
708 1036 1006 1139 ἀπεργασάμενος
1030 1036 1113 1121 τοὺς
1137 1041 1299 1124 ἀσθενεῖς

170 1156 252 1236 ικαὶ
269 1155 351 1240 τοὺς
370 1160 688 1262 συντετριμμένους
705 1159 771 1260 τὴν
789 1164 949 1264 καρδίαν.
992 1163 1142 1267 Ὥσπερ
1160 1165 1198 1244 δέ
1216 1165 1299 1249 τοὺς

191 1282 353 1365 ἀσθενεῖς
371 1287 430 1364 καὶ
447 1285 606 1389 σαθροὺς
624 1291 763 1387 καὶτῆς
782 1289 890 1367 αὑτοῦ
910 1290 1095 1390 θεραπείας
1113 1290 1320 1388 δεομένουςε

191 1405 233 1484 οὐ
250 1407 427 1510 παρεάρα,
447 1411 525 1491 οὐδέ
550 1421 807 1508 μετανοοῦντας
830 1414 1049 1514 κατακρίνων
1074 1414 1294 1517 συνέτριβεν,

190 1533 301 1616 οὕτως
328 1534 409 1615 οὐδὲ
434 1535 517 1621 τοὺς
543 1545 616 1622 τοῖς
644 1546 764 1622 κακοῖς
789 1539 1016 1636 ἐπιμένοντας
1039 1543 1098 1618 καὶ
1125 1539 1194 1620 ἀπὸ
1222 1547 1295 1620 τῶν

188 1663 315 1737 παθῶν
342 1662 560 1766 τυφομένους
587 1667 767 1761 ἐσβέννυε,
785 1662 935 1745 κωλύων
959 1662 1060 1768 παρὰ
1086 1663 1153 1764 τὴν
1177 1668 1335 1746 αάτῶνιο

187 1786 397 1886 προαίρεσιν
421 1790 584 1890 ἐνεργεῖν,
608 1789 689 1871 οὐδὲ
716 1790 787 1891 μὴν
814 1791 914 1894 παρά
941 1792 1064 1895 καιρὸν
1091 1791 1318 1895 ἐτιμωρεῖτόα

186 1941 266 1987 τινα
289 1909 434 2008 τοάτων,
455 1913 520 2012 τὴν
545 1917 620 1995 κατ’
641 1918 747 2023 ἀξίαν
772 1917 889 1996 αὐτῶν
907 1917 1061 1996 κόλασιν
1079 1922 1127 1999 είς
1145 1916 1208 1996 τδν
1228 1922 1293 2017 τῆς

164 2031 344 2116 ικαθόλου
373 2039 524 2139 κρίσεως
553 2040 676 2145 καιρὸν
711 2041 988 2146 ὑπερτιθέμενος·
1028 2039 1082 2122 διὸ
1114 2041 1292 2142 λέλεκται,

187 2170 248 2242 ιιιιὶ
268 2166 354 2244 λίιιι
379 2167 555 2270 τυφόμενον
579 2174 613 2248 οὐ
638 2169 769 2259 σβέσει.
815 2166 1008 2271 Ἀντικρυς
1036 2167 1073 2248 δέ
1100 2168 1210 2271 πέρας
1238 2169 1313 2249 εἷ’-5

185 2293 283 2390 ληφε
306 2285 358 2385 τό,
380 2298 440 2370 καὶ
464 2293 495 2372 ἐι
516 2292 562 2398 rc}
588 2295 722 2398 ὀνόματι
749 2298 848 2374 αὐτοῦ
873 2293 937 2387 idun
964 2296 1145 2374 ἐλπιοῦσιν.
1203 2297 1289 2376 Ἐπὶ

183 2410 282 2520 μόνῳ
300 2425 388 2515 γοῦν
406 2423 457 2523 τῷ
474 2426 538 2496 τοῦ
560 2425 727 2522 Σωτῆρος
746 2421 846 2518 ἡμῶν
864 2421 988 2520 Ἰησοῦ
1013 2425 1177 2522 Χριστοῦ
1204 2420 1284 2500 ὀνό·

182 2574 269 2638 ματι
286 2539 422 2638 ἤλπισε
440 2541 487 2622 τά
503 2549 732 2646 Χριστιανῶν
756 2545 851 2644 έθνη,
869 2543 935 2644 τὴν
954 2547 1154 2644 ἐπωνυμίαν
1178 2548 1287 2626 αὐτοῦ

183 2669 233 2750 ὡς
259 2667 394 2771 πατρὸς
425 2669 466 2769 ἧς
493 2669 764 2777 παρειλήφασιν
794 2673 975 2764 εὐσεβείας
1001 2670 1282 2775 ἐπιγραφόμενα.
1296 2711 1326 2747 ιο

159 2797 258 2874 9Kai
287 2793 359 2897 γὰρ
387 2801 436 2878 εἷς
463 2802 542 2902 φῶς
569 2797 633 2875 οὐκ
661 2797 789 2880 ἀλλοις
817 2795 839 2897 ἢ
867 2803 940 2879 τοῖς
968 2794 1085 2875 ἔθνεσι
1116 2796 1286 2876 δεδόσθαι

181 2988 315 3062 gentibus
328 2989 438 3063 publice
452 2991 638 3053 denuntiavit.
654 3011 740 3066 quum
755 2991 878 3066 seipsum
893 2992 978 3048 tacite
992 2991 1020 3048 in
1035 2991 1122 3048 vitem
1136 2991 1282 3049 hominum

181 3067 373 3135 insinuaverit,
383 3080 467 3145 atque
481 3071 510 3127 in
522 3079 598 3128 terre
608 3071 746 3146 judicium
762 3071 898 3147 posuerit,
908 3081 937 3128 et
947 3091 1004 3128 non
1015 3073 1101 3129 modo
1116 3072 1282 3128 arundinem

179 3150 333 3206 contritam
359 3169 419 3207 non
445 3151 595 3226 confregit,
619 3151 679 3219 sed,
703 3152 727 3208 si
754 3152 798 3209 fas
822 3159 866 3208 est
888 3152 991 3216 dicere,
1017 3151 1171 3227 colligavit,
1195 3171 1280 3226 quum

179 3228 307 3286 infirmos
322 3238 351 3287 et
365 3231 504 3288 contritos
518 3231 603 3289 corde
618 3232 750 3296 erexerit,
766 3231 909 3306 sortesque
924 3231 1086 3296 reddiderit,
1101 3241 1130 3289 et
1145 3232 1279 3305 quemad-

178 3308 295 3366 modum
316 3310 445 3367 infirmon
464 3331 498 3368 ec
512 3311 619 3369 debiles
639 3320 668 3369 et
686 3331 743 3368 suae
758 3311 845 3384 ipsius
866 3312 1019 3368 curationis
1040 3311 1201 3386 indigentes
1222 3329 1280 3368 non

178 3389 360 3464 despiciebat,
381 3409 472 3466 neque
493 3411 564 3466 quos
585 3392 687 3466 prioris
710 3392 774 3448 vitae
795 3390 974 3466 poenituisset
998 3391 1206 3448 condemnabat
1230 3401 1280 3448 aut

178 3471 352 3539 conterebat,
368 3471 408 3527 sio
429 3490 465 3528 ne
483 3472 547 3528 illos
566 3471 679 3546 quidem
699 3472 746 3545 qni
767 3471 796 3527 in
819 3469 898 3526 mulis
919 3482 1140 3544 perseverarent,
1162 3478 1211 3526 aut
1230 3471 1278 3543 qni

176 3551 271 3623 pravis
292 3549 378 3607 animi
402 3552 549 3609 effectibus
574 3552 799 3618 incenderentur,
817 3550 1012 3624 extinguebat.
1033 3558 1082 3607 snt
1103 3569 1139 3606 ne
1164 3567 1199 3608 ex
1226 3567 1278 3606 suo

176 3631 322 3704 proposito
345 3650 450 3706 suoque
471 3631 594 3705 ipsorum
620 3630 735 3688 libidine
756 3639 875 3705 agerent
896 3631 1071 3706 prohibebat,
1096 3648 1187 3704 neque
1209 3649 1277 3686 vero

176 3719 280 3784 preter
294 3720 406 3784 tempus
427 3731 550 3786 unquam
572 3711 674 3768 horum
695 3711 816 3786 aliquem
834 3711 971 3785 supplicio
987 3711 1089 3776 effecit,
1105 3710 1208 3784 quippe
1229 3710 1277 3783 qui

176 3789 279 3846 talibus
294 3790 404 3848 debitus
418 3810 469 3866 pro
485 3792 593 3849 meritis
608 3810 705 3866 poenes
720 3792 747 3848 iu
763 3801 875 3866 tempus
889 3793 1047 3848 communis
1065 3790 1163 3864 judicii
1185 3808 1275 3847 reser-

175 3879 265 3935 vnret,
281 3889 316 3927 ex
332 3891 388 3946 quo
403 3871 471 3928 illud
486 3871 592 3929 dictum
606 3881 660 3936 est,
674 3881 701 3929 et
716 3871 799 3930 linum
806 3872 953 3946 fumigans
965 3891 1018 3928 non
1032 3874 1175 3944 entinguet.
1211 3869 1274 3926 Ple-

175 3949 291 4008 nissime
310 3962 405 4008 nutem
428 3954 513 4008 tinem
539 3971 621 4009 suum
643 3952 753 4028 accepit
775 3952 860 4008 etism
886 3951 964 4016 illud,
987 3951 1029 4008 Et
1047 3953 1074 4006 in
1093 3952 1199 4006 nomine
1218 3949 1276 4022 ηἰιι

173 4039 268 4105 ραιίει
279 4033 448 4106 ιριτοδαιιιι
471 4033 501 4088 in
515 4034 577 4090 solo
590 4033 666 4090 enim
681 4031 836 4089 salvatoris
850 4032 939 4088 nostri
954 4029 974 4086 J
976 4049 1025 4087 esu
1040 4031 1147 4088 Christi
1161 4031 1275 4088 nominc

176 4109 345 4168 Christiuuae
360 4121 462 4188 gentes
476 4121 668 4187 speraverunt,
683 4131 745 4186 ηοω
766 4111 851 4168 etism
872 4129 908 4167 ex
930 4111 1067 4187 religione
1088 4131 1171 4186 quum
1193 4129 1273 4168 accc-

174 4207 242 4264 pere
266 4191 340 4248 illins
362 4193 442 4268 quusi
466 4194 592 4268 parentis
616 4192 785 4266 cognomine
810 4198 916 4248 notatoe
941 4201 1017 4249 sunt.
1059 4191 1172 4248 Etenim
1199 4191 1277 4266 quod

175 4270 258 4326 nullis
272 4271 334 4329 eliis
348 4274 402 4330 nisi
417 4273 550 4350 gentibus
565 4273 593 4330 in
608 4273 699 4329 lucem
713 4271 750 4328 sit
764 4271 847 4329 dutus
865 4273 923 4347 jam
944 4281 1028 4330 antea
1042 4272 1149 4329 dictum
1163 4271 1272 4328 fueret:

215 4385 283 4424 vor..
299 4387 335 4426 11.
703 4387 719 4442 3
737 4387 753 4424 c
