3142 4720
51 268 183 344 -276.
434 267 663 333 unnrousu.
687 269 856 335 nvnuu.
882 270 1012 356 vn13.
1230 275 1295 336 555

196 428 378 509 ἀκόλουθα
402 437 476 515 τοῖς
505 434 766 531 θεσπίσμασιν,
789 433 895 517 αὑτός
922 467 961 512 τε
988 433 1088 516 οῦτος
1118 433 1138 510 ό
1167 430 1295 533 Σωτὴρ

196 557 255 630 καὶ
273 552 408 655 Κύριος
425 556 527 654 ἡμῶν
551 561 590 636 ἐκ
612 557 778 656 Βηθλεὲμ
805 562 969 661 ὁρμηθεὶς
993 557 1184 658 ἡγούμενος
1209 561 1292 637 ιἰνε-

165 667 317 782 Ιδείχθη
347 689 414 759 τοῦ
446 680 537 761 κατὰ
567 681 723 762 διάνοιαν
748 682 912 786 Ἰσραὴλ,
940 686 1032 764 οὕτω
1064 681 1198 767 παντὸς
1230 689 1295 762 τοῦ

195 810 396 909 διορατικοῦ
413 811 472 888 καί
490 815 682 903 θεοσεβοῦς
702 819 793 889 λαοῦ
811 809 1097 914 χρηματίζοντος.
1141 813 1213 890 Καὶ
1231 811 1336 890 eelim

195 967 239 1035 γε
256 932 354 1016 ὅπως
372 933 437 1017 τὰς
453 933 596 1040 ἐξόδους
614 937 722 1015 αῦτοῦ
739 941 804 1034 τῆς
821 935 940 1016 ε’νθίου
957 936 1215 1042 προϋπάρξεως
1233 939 1293 1015 ἀπ’

196 1061 310 1162 ἀρχῆς
328 1065 385 1138 καὶ
412 1060 613 1166 ἐξημεροῦν
630 1066 755 1144 αίῶνος
773 1061 865 1165 ἔχειν
882 1061 1034 1162 λέγεται,
1053 1062 1141 1163 ότερ
1159 1063 1223 1140 οῦκ
1249 1058 1295 1140 ἂν

154 1185 388 1286 14ἆρμόσειεν
407 1181 597 1287 ἀνθρώπου
615 1186 735 1291 φύσει.
766 1185 917 1269 Τούτοις
934 1187 1016 1292 ἑξῆς
1036 1189 1056 1265 ὁ
1073 1184 1326 1293 προφητικόςά

196 1307 309 1411 λόγος
327 1309 466 1402 ὑποβὰς
483 1307 619 1414 μικρὸν,
638 1314 696 1390 καί
722 1320 784 1390 νῦν
805 1307 919 1390 πόλιν
936 1315 1000 1409 τῆς
1017 1311 1132 1393 πάλαι
1152 1316 1296 1409 νομικῆς

197 1436 390 1538 θρησκείας
416 1435 483 1535 τὴν
510 1435 735 1542 περιγραφὴν
763 1440 821 1517 καὶ
853 1435 932 1534 1τὴν
965 1438 1170 1537 καθαίρεσιν
1204 1439 1292 1516 ῦπο-

196 1561 374 1662 σημαίνει,
392 1565 431 1641 ἐκ
447 1562 647 1665 προσώπου
663 1571 727 1641 τοῦ
746 1571 838 1642 λαοῦ
856 1561 984 1664 λόγων,

248 1705 311 1776 Ἐν
337 1707 401 1778 τίνι
430 1706 614 1793 καταλάβω
638 1705 698 1779 τόν
721 1707 856 1803 Κίριον,
881 1705 1095 1799 ἐπιλήψομαι
1124 1707 1210 1778 θεοῦ
1233 1738 1318 1790 μους

197 1817 371 1912 ῦψίστου;
396 1823 425 1891 εί
447 1819 692 1914 καταλήψομαι
716 1821 814 1893 αῦτόν
836 1825 868 1892 ἐν
890 1824 1169 1906 ὁλοκαυτώμασιν,
1187 1825 1219 1892 ἐν
1235 1823 1297 1906 μό-

199 1961 297 2027 σχοις
313 1933 500 2018 ε’νιουσίοις;
518 1935 547 2002 εί
558 1931 600 2002 δῦ
613 1933 812 2029 πρωτότοκα
828 1935 954 2011 κοιλίας
964 1965 1028 2018 μου
1040 1933 1120 2031 ὑπὲρ
1133 1936 1296 2032 ἁμαρτίας

200 2043 315 2142 ψυχῆς
333 2076 417 2130 μανι
1240 2153 1243 2160 .

254 2176 263 2202 ί
375 2175 386 2204 Κ
526 2179 538 2206 Ι
673 2185 690 2203 Α
787 2186 804 2202 Α
894 2177 905 2203 Ι
1015 2177 1024 2204 l
1069 2186 1085 2203 Α
1145 2177 1156 2204 ἱ
1212 2182 1222 2206 2
1262 2177 1271 2206 Ι

154 2213 188 2262 ²5
267 2181 321 2256 Εκ
347 2179 385 2256 δε
410 2210 609 2280 προσωπου
626 2211 691 2258 του
709 2183 805 2258 Θεου
825 2181 964 2257 τοιανδε
982 2212 1099 2261 amors
1116 2213 1182 2278 την
1200 2213 1337 2259 arro-10

199 2337 319 2406 κρισιν
336 2302 553 2402 ποιούμενος,

251 2445 300 2517 El
324 2447 525 2539 1ηἀνηγγέλη
551 2449 616 2530 σοί,
643 2446 802 2545 ἅνθριοπε,
827 2449 864 2519 τί
889 2449 1012 2532 καλόν;
1038 2448 1089 2518 καί
1115 2449 1152 2519 τί
1176 2448 1298 2544 Κύριος

197 2557 327 2658 ε’κζητεῖ
341 2559 432 2657 παρό
450 2592 521 2646 σου,
534 2563 644 2646 ἄλλ’ίι
660 2570 722 2635 τοῦ
738 2573 842 2634 ποιεῖν
858 2563 957 2659 κρίμα
974 2564 1025 2634 καί
1044 2564 1180 2656 ἀγαπᾶν
1196 2563 1297 2646 ἔλεος,

198 2676 252 2746 καὶ
269 2679 402 2758 ἕτοιμον
419 2674 496 2748 εἶναι
514 2679 707 2772 πορεύεσθαι
727 2679 834 2749 όπίσιο
852 2678 975 2773 Κυρίου
991 2684 1053 2749 τοῦ
1069 2678 1154 2749 Θεοῦ
1169 2701 1254 2762 σονς

159 2840 194 2890 ιο
251 2801 375 2908 Ἔχεις
389 2815 577 2910 τοιγαροῦν
595 2810 775 2888 κάνταῦθα
794 2811 851 2888 ἐπὶ
869 2813 913 2912 τῇ
929 2807 1220 2912 προφητευομένη
1233 2814 1297 2886 τοῦ
1305 2839 1337 2902 p.
1349 2816 1411 2902 276

283 2964 465 3042 1ηνῦννυν]
481 2970 529 3038 τὴν
541 2971 689 3044 ωυιιμσο
703 2972 733 3025 r.
835 2980 858 3011 m
872 2970 1025 3043 owni]
1041 2969 1169 3042 own»,
1184 2970 1215 3023 ν.

201 3085 278 3144 diets
297 3087 409 3144 fuerant
436 3098 600 3154 evenerunt,
622 3107 655 3146 sc
676 3107 773 3146 rursus
795 3089 903 3146 coeteris
927 3089 1060 3162 gentibus
1087 3089 1207 3146 oraculis
1228 3107 1298 3146 con-

201 3177 346 3231 sentaneo,
364 3177 449 3242 atque
470 3169 529 3242 ipse
548 3168 595 3225 hic
616 3169 748 3226 Salvator
767 3177 796 3226 et
815 3169 955 3224 Dominus
975 3177 1073 3226 noster
1094 3171 1129 3226 de
1150 3170 1299 3228 Bethleem

201 3265 379 3322 progressus.
395 3250 456 3323 ejus
470 3247 558 3306 Israel
572 3249 712 3326 princeps,
725 3249 772 3323 qui
786 3249 822 3305 ad
836 3249 1051 3324 intelligentiam
1066 3249 1195 3314 refertur,
1205 3250 1297 3307 declu-

202 3337 280 3384 rstus
294 3339 354 3384 est:
377 3330 480 3403 quippe
494 3348 579 3403 quum
595 3348 629 3387 eo
643 3329 759 3386 nomine
778 3329 899 3405 populus
916 3329 1018 3395 omnis,
1034 3331 1191 3405 quicunque
1205 3331 1299 3387 Deum

202 3416 232 3463 et
246 3408 342 3464 videre
357 3418 385 3464 et
399 3409 444 3482 pie
458 3409 550 3465 colere
564 3417 694 3466 assuetus
708 3409 754 3475 sit,
764 3409 928 3484 appelletur.
951 3409 989 3466 Et
999 3429 1066 3466 saue
1080 3409 1187 3483 inspice
1201 3427 1298 3483 quem·

201 3488 355 3544 admodum
370 3507 428 3544 suae
443 3488 544 3545 divinae
559 3489 808 3564 antecedentisque
828 3490 991 3546 substantioe
1012 3490 1103 3545 exitus
1122 3488 1157 3544 ub
1175 3489 1257 3545 initio
1271 3496 1301 3544 et

201 3585 238 3624 ex
264 3567 363 3626 diebus
385 3568 480 3625 seculi
501 3568 606 3626 hebere
624 3570 743 3634 dicutur,
762 3569 840 3644 quod
860 3569 972 3642 quidem
994 3567 1156 3640 nentiquam
1177 3566 1302 3622 hominis

202 3657 310 3704 netnrae
326 3647 485 3706 conveniet.
529 3650 596 3706 Post
610 3650 671 3706 haec
692 3649 835 3723 paululum
852 3665 1004 3722 progressu
1020 3645 1185 3720 prophetica
1199 3645 1299 3710 oratio,

201 3728 288 3784 etism
301 3747 377 3785 nunc
393 3747 489 3786 rursus
502 3730 607 3786 veteris
621 3727 720 3804 legnlis
735 3729 806 3785 ritus
823 3727 1110 3800 circumscriptionem
1132 3733 1216 3800 atque
1230 3725 1298 3781 abu·

199 3807 327 3865 litionem
343 3809 520 3866 subostendit
533 3827 569 3866 ex
583 3828 706 3884 persons
718 3809 825 3884 populi,
840 3809 946 3873 dicens,
963 3807 994 3862 lu
1009 3825 1062 3882 quo
1078 3807 1300 3880 comprehendam
1342 3817 1391 3858 lto.
1402 3817 1421 3866 ⁶·
1431 3817 1449 3854 ⁶·

203 3888 381 3945 Βουιίουοιῦ
403 3890 596 3948 coaetaneum
610 3908 698 3946 meum
710 3891 899 3946 acosimum?
920 3906 983 3944 uum
1003 3887 1222 3962 comprehendam
1240 3905 1300 3946 eum

201 3967 229 4023 ιἰι
244 3969 357 4043 ἱκιιρτίκ
368 3970 516 4044 sacrificiis,
531 3973 560 4026 ῦι
573 3970 666 4027 vitulis
679 3971 842 4026 anniculis?
862 3987 923 4026 πνοι
946 3970 1016 4024 dubo
1032 3969 1215 4042 primogenitu
1236 3986 1300 4024 verr·

201 4052 252 4104 tris
271 4051 324 4106 mci
342 4067 395 4118 pro
413 4057 524 4124 peccato
543 4053 640 4106 οκὶυισ
653 4049 747 4106 mec?
767 4049 812 4106 Ex
832 4067 953 4125 persons
969 4058 1063 4106 cotem
1078 4049 1131 4106 Dei
1146 4047 1186 4104 sic
1200 4048 1241 4104 eis
1255 4065 1299 4105 re·

203 4129 346 4201 spondens
368 4128 418 4196 sit,
443 4129 478 4188 Sa·
500 4130 660 4187 indicaverit
683 4129 741 4193 tibi,
765 4149 781 4185 ο
804 4130 892 4194 homo,
912 4131 977 4203 quid
998 4129 1163 4193 otthonum,
1188 4129 1301 4200 etquid

203 4207 337 4266 Dominus
351 4212 472 4282 requirat
486 4229 504 4265 α
519 4219 552 4275 te,
567 4227 655 4266 nonne
675 4217 705 4267 ut
717 4209 816 4283 socius
829 4209 974 4280 judicium,
991 4216 1017 4264 et
1031 4209 1130 4280 diligas
1147 4207 1299 4263 misericor·

202 4289 285 4352 θὶαιιι,
307 4297 333 4345 et
352 4297 469 4363 paratur
488 4289 525 4346 ιίι
548 4291 689 4346 umbulure
705 4296 769 4364 port
792 4290 936 4345 Dominum
961 4288 1050 4344 Deum
1073 4287 1176 4344 ιιιιιυι.9
1201 4283 1301 4340 Habes

759 4403 807 4438 Η
