3132 4714
253 239 318 306 668
698 239 886 306 EUSEBII
1329 253 1499 320 Μητι-

253 407 297 514 ἐξ
312 407 469 492 ἅπαντος
488 410 687 512 ὁμολογεῖν,
707 407 797 486 αὐτὰ
821 406 913 486 κατά
930 405 996 505 τὴν
1014 408 1254 486 ἀποδοθεῖσαν
1273 403 1352 484 διοί-

254 568 351 613 νοιαν
380 533 499 634 μόνως
526 539 803 637 πεπληρῶσθαι,
832 534 896 614 οὐκ
929 533 1064 612 ἄλλοτε
1095 528 1301 641 [Ιδηλαδίμ]
1331 527 1354 629 ἢ

254 666 345 748 κατά
379 665 446 765 τὴν
478 666 667 770 γενομένην
699 667 901 770 παρουσίαν
934 668 1058 764 Ἰησοῦ
1092 674 1156 745 τοῦ
1189 667 1378 766 Σωτῆροςς

253 795 364 893 ἡμῶν,
382 796 465 874 καθ’
486 794 528 874 δν
546 795 779 900 ἀπεδείξαμεν
797 793 902 878 τέλος
925 792 1108 898 εἰληφέναι
1126 791 1173 872 roi
1190 826 1350 896 προηγο·

202 957 247 1006 126
254 922 415 1024 ρευμένα.
474 919 643 1026 Ἐγράφη
670 923 699 998 δ
720 919 892 1000 οὖνκατὰ
920 916 985 1020 τὴν
1002 921 1223 1026 προφητείαν
1248 921 1307 998 καὶ
1334 920 1354 998 ὁ

254 1044 373 1130 καινὸς
405 1045 513 1145 τόμος
543 1048 601 1127 ἐπὶ
628 1051 692 1145 τῆς
718 1051 828 1126 αὐτοῦ
855 1047 1066 1150 παρουσίας,
1095 1048 1206 1144 ὁτῆς
1233 1050 1353 1144 καινῆς

255 1173 422 1273 διαθήκης
445 1172 556 1273 λόγος
580 1172 646 1271 τὴν
664 1173 807 1275 γένεσιν
824 1171 997 1276 περιέχων
1013 1179 1078 1252 τοῦ
1098 1176 1161 1270 τῆς
1178 1170 1355 1276 προφήτι-
1367 1210 1399 1244 ιο

256 1304 317 1383 δος
341 1305 425 1396 υἱοῦ,
450 1297 488 1383 ὃς
516 1304 574 1378 καὶ
601 1299 693 1401 πρὸς
719 1299 820 1404 λε’ξιν
846 1301 904 1378 καὶ
922 1305 1125 1396 Δαμασκοῦ
1150 1300 1208 1375 καὶ
1227 1297 1357 1399 Συρίας

258 1425 401 1524 ἀπάσης
419 1425 485 1526 τὴν
502 1423 700 1523 βασιλικὴν
714 1425 864 1523 δύναμιν
881 1422 928 1502 τά
944 1456 983 1503 τε
1002 1423 1256 1524 ἑρμηνευθίντα
1273 1423 1357 1521 ἡμῖν

257 1561 379 1632 σκῦλα
397 1553 597 1654 Σαμαρείας
622 1551 764 1658 ἀρρήτῳ
791 1555 848 1630 καὶ
872 1551 979 1657 εὐθείρ
1002 1548 1147 1648 δυνάμει
1165 1553 1212 1632 είς
1237 1557 1387 1653 χεῖραςά

256 1681 320 1775 τῆς
342 1677 527 1773 Ῥωμαίων
552 1678 743 1771 βασιλείας
766 1675 982 1776 παρέδωκεν·
1013 1673 1147 1774 οὐρὴν
1172 1673 1272 1752 ἀλλά
1297 1677 1358 1752 καὶ

257 1802 347 1882 κατὰ
366 1800 532 1897 διάνοιαν,
550 1798 631 1884 τοὺς
655 1802 699 1907 ἐξ
713 1803 894 1881 Ἰουδαίων
913 1802 1021 1880 αὐτοῦ
1043 1799 1215 1899 μαθητὰς,
1233 1797 1357 1901 ὥσπερ

255 1926 336 2005 τινά
354 1935 475 2006 σκῦλα
495 1927 819 2029 περιπεποιημένος,
835 1933 972 2026 νοητοῖς
985 1930 1041 2006 καὶ
1061 1933 1217 2028 λογικοῖς
1231 1925 1380 2009 &tous

255 2051 490 2159 περιφράξας,
522 2061 570 2138 εἱς
601 2053 801 2155 πρόσωπον
830 2062 894 2133 τοῦ
927 2051 1146 2152 δηλωθέντος
1176 2053 1357 2146 βασιλέως

255 2180 466 2280 Ἀσσυρίων
485 2178 777 2279 ιιικατεστήσατο,
797 2183 855 2258 καὶ
880 2181 1025 2262 τούτους
1050 2177 1125 2276 μὲν,
1144 2182 1192 2262 ὡς
1214 2180 1358 2261 οἰκείους

203 2333 248 2384 ¹27
257 2306 490 2407 στρατιώτας,
504 2307 656 2391 ὁπλίτας
668 2306 949 2409 παρεσκεύασεν.
981 2305 1077 2389 Τοιίς
1090 2339 1132 2408 γε
1145 2304 1217 2404 μὴν
1228 2339 1358 2406 παραι-

255 2429 477 2529 τησαμένους
506 2431 548 2510 τὸ
581 2429 729 2533 γόνιμον
762 2434 820 2510 καὶ
850 2430 995 2533 ζωτικὸν
1029 2433 1123 2532 ὕδωρ
1154 2435 1218 2528 τῆς
1248 2431 1357 2508 αὐτοῦ
1368 2467 1403 2501 ιο

256 2557 490 2642 διδασκαλίας
522 2554 563 2635 τὸ
596 2555 831 2658 πορευόμενον
862 2558 994 2662 ἡσυχῇ,
1025 2557 1212 2656 ἑλομένους
1244 2555 1282 2635 δὲ
1311 2555 1359 2634 roi

256 2681 435 2778 πολεμικὰ
462 2685 520 2761 καὶ
548 2683 660 2786 ε’χθρά
687 2687 738 2788 τῷ
766 2689 858 2788 Θεῷ,
888 2688 938 2789 τῷ
965 2691 1037 2762 τῶν
1055 2684 1265 2785 Ἀσσυρίων
1292 2683 1355 2787 ἐξ·

514 2855 522 2898 ¹
537 2859 634 2927 δηλαδὴ
648 2877 701 2912 om.
719 2859 749 2912 P.
833 2867 855 2898 Ν
871 2859 1051 2928 καθεστήσοτο
1067 2860 1096 2914 S.

256 3022 319 3076 quse
332 3021 348 3060 a
363 3004 455 3059 verbis
476 3021 533 3058 nou
555 3004 684 3074 recedis)
704 3005 847 3077 accepisse
864 3013 1046 3060 memoratur.
1090 3003 1177 3060 Omni
1199 3003 1292 3077 itaque
1313 3022 1358 3060 ra·

256 3083 334 3138 tione
348 3081 431 3137 fateri
444 3082 574 3156 cogimur
593 3101 626 3138 ea
646 3084 844 3140 tantummodo
859 3085 1014 3140 seeundum
1033 3084 1162 3158 superius
1182 3083 1321 3140 redditam
1342 3103 1360 3140 a

257 3160 341 3217 nobis
362 3162 530 3217 seutentiam
552 3163 694 3237 completa
714 3181 786 3228 esse,
801 3164 857 3221 hoe
876 3172 920 3220 est
938 3183 1077 3238 nusquam
1098 3164 1167 3220 alias
1188 3181 1272 3237 quam
1294 3173 1360 3237 post

258 3241 411 3297 adventum
431 3241 500 3298 Jesu
521 3241 676 3302 Salvatoris
699 3245 798 3308 nostri.
820 3263 876 3319 quo
897 3252 1026 3318 tempore
1048 3244 1304 3301 demonstravimus
1325 3261 1360 3300 ea

258 3339 321 3395 quar
336 3320 391 3377 hoc
406 3321 492 3377 modo
513 3322 649 3396 praedieta
667 3334 735 3380 sunt
753 3324 838 3380 linem
860 3326 1010 3398 accepisse.
1052 3325 1132 3400 Ergo
1152 3324 1181 3380 in
1202 3323 1288 3397 hujus
1308 3323 1358 3380 ad-

257 3409 355 3468 ventu,
371 3401 444 3458 sicut
464 3401 493 3458 in
514 3402 576 3477 ipsa
595 3404 747 3477 prophetia
768 3404 938 3468 continetur,
959 3405 1080 3479 scriptus
1104 3413 1148 3461 est
1167 3423 1258 3460 novus
1277 3404 1358 3468 liber,

258 3483 325 3539 novi
340 3482 437 3556 ntique
451 3483 613 3540 testamenti
627 3485 714 3541 verba
727 3483 928 3559 complectens,
944 3493 973 3541 et
987 3485 1016 3540 iu
1036 3483 1080 3540 hia
1095 3493 1174 3541 ortus
1187 3483 1360 3558 prophetie·

259 3562 384 3620 mulieris
406 3562 465 3630 filii,
486 3563 534 3637 qui
554 3564 708 3620 secuudum
730 3564 815 3620 verba
837 3564 992 3639 prophetias
1012 3571 1041 3621 et
1063 3562 1198 3621 Damasci
1219 3573 1249 3620 et
1270 3562 1360 3639 Syriae

259 3643 398 3700 universae
421 3643 545 3717 regalem
567 3644 733 3718 potentiam,
752 3652 862 3718 atquae
883 3663 936 3700 nos
955 3645 1134 3721 interpretati
1152 3663 1250 3700 sumus
1271 3644 1361 3718 spolia

261 3720 396 3780 Samarim
413 3721 547 3780 ineffabili
561 3724 681 3798 quadam
697 3723 846 3797 divinaque
860 3725 964 3780 virtute
977 3724 1007 3780 in
1022 3742 1122 3781 manus
1136 3743 1237 3799 regum
1253 3725 1358 3780 Roma-

260 3819 362 3859 norum
383 3804 517 3860 tradidit:
541 3812 735 3860 verumtamen
757 3804 927 3860 sententiam
949 3822 1061 3878 quoque
1082 3805 1272 3878 sequentibus,
1292 3823 1360 3860 suos

259 3879 335 3937 idem
357 3882 392 3939 de
413 3882 520 3940 Judaeie
541 3883 692 3957 discipulos
715 3885 795 3957 quasi
816 3885 906 3958 spolia
925 3885 1054 3958 quiedam
1077 3884 1205 3959 adeptus,
1225 3884 1359 3958 intelligi·

260 3959 363 4016 bilibus
376 3961 614 4036 rationalibusque
628 3963 713 4018 armis
730 3964 854 4020 munitm
872 3965 901 4020 in
920 3963 1021 4021 faciem
1039 3964 1100 4039 ejus
1122 3966 1157 4022 de
1178 3983 1235 4037 quo
1252 3965 1360 4021 dietum

261 4047 305 4094 est
325 4039 402 4114 regis
421 4041 602 4116 Assyriorum
626 4043 783 4108 constituit,
806 4054 889 4118 atque
910 4045 964 4101 hos
984 4053 1119 4119 tauquam
1144 4063 1211 4102 euos
1232 4044 1360 4118 proprios

261 4127 387 4175 scutatos
401 4121 504 4176 milites
518 4124 699 4196 comparavit.
741 4126 876 4180 Attamen
890 4144 940 4181 eos
955 4125 1002 4200 qui
1016 4125 1176 4182 foeoundam
1192 4125 1361 4198 vitalemque

262 4197 398 4252 doetrinae
426 4217 483 4252 suae
512 4219 613 4272 aquam
643 4223 705 4275 quoe
733 4222 797 4259 eum
829 4204 940 4261 silentio
969 4205 1072 4261 labitur
1102 4206 1302 4265 recusaverint.
1330 4213 1361 4260 et

262 4274 379 4330 hostiles
394 4275 510 4348 Deoque
533 4279 658 4336 inimicas
680 4291 774 4354 partes
796 4283 941 4356 elegerint,
957 4285 1017 4358 regi
1033 4285 1214 4358 Assyriorum
1234 4284 1360 4346 tradidit,
