3144 4720
72 280 205 348 -397·
448 269 677 336 DEMONST.
702 272 872 339 EVANG.
897 273 994 338 VIII.
1012 293 1040 337 2.
1255 275 1315 342 791

174 423 331 530 οοὈπερ
358 436 490 534 σαφῶς
517 434 575 510 καὶ
593 436 647 510 loi
675 435 795 510 λοιποὶ
822 433 1022 511 τεθείκασιν
1048 431 1267 532 ἑρμηνευταί·
1298 433 1319 508 ὁ

214 552 279 651 μὲν
296 554 455 638 Ἀκύλας
474 557 609 660 φήσας,
631 567 690 636 nni
716 554 809 661 μετδ
834 555 897 641 τὶς
918 555 1009 636 ἱπτλ
1034 549 1236 660 ἑβδομάδας
1257 563 1317 635 καὶ

215 679 371 784 iginum
404 676 470 771 δύο,
500 680 795 789 ἑξαλυθρευθύσεταε
824 679 1019 786 ἧλειμμύως
1049 689 1109 761 καὶ
1145 686 1203 760 οὐκ
1232 679 1318 760 ἔστιν
1329 711 1359 746 ¹0

215 809 317 912 αὐτῷ·
349 807 370 883 ὁ
402 805 440 885 δὲ
471 803 676 910 Σύμμαχος,
708 816 766 886 καὶ
795 806 887 912 pesclu
914 806 978 891 ebs
1004 802 1205 911 ἑβδομάδας
1233 804 1317 892 ’τὶς

216 929 309 1010 inubi
342 940 402 1010 καὶ
437 930 594 1037 {ieiunum
626 927 682 1012 δύο
713 935 938 1026 insanium
976 934 1125 1039 χριστδς,
1162 941 1220 1013 καὶ
1256 939 1318 1031 οὐχ

216 1054 354 1160 ὑπάρξει
374 1061 477 1162 αὐτῷ.
529 1053 646 1135 Ὀθεν
672 1056 836 1154 μάλιστα
863 1058 1117 1159 παρίστασθαί
1138 1091 1197 1155 μοι
1224 1061 1347 1137 δοκεΐΙ)

217 1181 353 1284 menube
378 1181 552 1285 ἡγεύμενος
577 1177 663 1260 εἶναι
693 1183 713 1260 ὁ
741 1182 832 1262 κατὰ
856 1180 922 1281 τὴν
944 1182 1116 1284 ἡμετέραν
1140 1180 1317 1262 ἀπόδοσιν

174 1337 204 1386 ⁹¹
217 1304 470 1402 δεδηλωμένος.
532 1305 638 1384 Μετὰ
654 1315 743 1406 γοῦν
761 1304 827 1405 τὴν
843 1313 916 1385 τῶν
941 1306 1131 1408 εἰρημένων
1155 1305 1312 1403 ἑβδαμύ·

215 1433 287 1506 δων
311 1426 580 1530 συμπλήρωσιν
603 1428 895 1536 ἑξολοθρευθήσετωι
924 1432 1060 1538 χματὶς
1085 1431 1190 1538 φησί.
1248 1433 1339 1516 Τίςε

216 1552 253 1632 δὲ
272 1554 384 1648 οὗτος,
403 1553 425 1653 ἢ
446 1557 465 1633 ὁ
483 1553 688 1656 ἡγούμενος,
707 1560 765 1635 καὶ
784 1559 804 1634 ὁ
823 1556 915 1636 κατὰ
940 1556 1108 1662 διαδοχὴν
1126 1558 1170 1662 ἓξ
1187 1561 1315 1659 ἱερατι-

217 1687 282 1758 κοῦ
306 1679 430 1780 γένους
454 1689 518 1759 τοῦ
537 1681 659 1764 ἔθνους
676 1683 887 1784 προεστώςς
924 1683 1072 1780 Διέμενε
1099 1691 1188 1783 γοῦν
1215 1682 1317 1764 οὗτος

216 1810 265 1888 εἶς
283 1805 373 1885 ὅσον
391 1807 489 1884 οὕτω
507 1805 553 1886 ul
571 1813 643 1885 τῶν
666 1807 875 1905 ἑβδομάδων
898 1811 1112 1910 ἐπληροῦτο·
1141 1805 1259 1907 ἐπειδὴ
1278 1808 1316 1886 δὲ

215 1927 321 2014 τέλος
348 1929 554 2032 ἐλάμβανον
578 1932 691 2028 αὗται,
710 1932 916 2016 ἀκολούθως
939 1940 985 2038 τῇ
1011 1935 1212 2039 προφητείᾳ
1234 1933 1312 2038 ἐξε·
1327 1971 1357 2005 ιο

217 2053 310 2156 κόπη
348 2057 368 2134 ὁ
405 2060 443 2136 ἐκ
481 2061 647 2162 διαδοχῆς
678 2056 800 2159 γένους
832 2067 896 2138 τοῦ
933 2059 1054 2142 ἔθνους
1087 2058 1311 2160 ’προεστώς

217 2183 336 2264 Οὗτος
364 2182 401 2262 δὲ
428 2182 473 2283 ἦν
490 2183 674 2284 Ὑρκανὸς,
698 2182 872 2268 liu-odric
889 2184 1056 2286 Ἡρώδης
1084 2183 1222 2264 ἀνελὼν
1249 2182 1341 2283 τὴνο

216 2306 308 2388 κατὰ
338 2317 403 2387 τοῦ
435 2307 557 2392 ἔθνους
588 2310 781 2404 βασιλείαν
811 2309 922 2409 μηδὲν
951 2312 1047 2416 αὐτῷ
1074 2310 1316 2415 διαφέρουσαν

176 2433 424 2536 ριύφαρπάζει,
445 2433 587 2534 πρῶτός
610 2468 649 2514 τε
677 2436 783 2518 αὐτὸς
810 2435 1024 2539 ἀλλόφυλος
1051 2435 1197 2534 ἡγεῖται.
1256 2434 1315 2512 Οὐ

216 2558 324 2656 μόνος
349 2559 387 2638 δὲ
419 2559 488 2662 ἄρα
517 2564 537 2640 ὁ
564 2558 740 2660 Ὑρκανὸς
768 2559 916 2664 χριστὸς
943 2559 993 2638 ὧν
1021 2562 1079 2638 καὶ
1104 2567 1176 2638 τῶν
1201 2558 1338 2640 πύλαις

217 2685 406 2789 ἀρχιερέων
436 2687 590 2768 ὕστατος
615 2685 776 2790 ἐξεκόπη,
799 2684 899 2762 ἀλλὰ
926 2688 984 2762 καὶ
1012 2685 1034 2781 ἡ
1062 2687 1101 2762 ἐκ
1128 2680 1316 2784 προγόνων

256 2877 274 2908 ¹¹
287 2870 312 2922 ol
326 2869 386 2924 add.
397 2869 428 2924 P.
545 2875 561 2908 ¹
575 2869 621 2923 ‘cde
635 2869 695 2922 edd.
711 2868 742 2923 P.
855 2877 869 2915 Y
885 2869 950 2924 Post
962 2869 1098 2940 προεστὼς
1111 2867 1179 2922 adde
1194 2869 1317 2936 Χριστός.

209 2947 321 3010 docum
335 2949 447 3021 losephi
461 2949 489 3002 in
504 2949 677 3020 sequentibus
691 2965 747 3002 non
759 2949 898 3021 descripsit
912 2950 992 3003 verbo
1006 2957 1094 3004 tenus.
1109 2949 1170 3003 ΕΙ).
1188 2947 1305 3002 PARIS.

216 3095 356 3165 sexaginta
371 3095 440 3148 dune
450 3093 550 3167 peribit
564 3095 664 3156 tinctio,
680 3099 707 3147 et
714 3093 849 3162 judcium
864 3111 917 3149 ποκ
931 3101 974 3149 eat
986 3096 1014 3149 iu
1030 3113 1081 3150 en:
1106 3092 1183 3167 qnod
1202 3091 1316 3166 quIdem

217 3173 362 3246 perspicue
381 3173 480 3246 reliqui
499 3190 610 3246 quoque
627 3182 783 3246 posuerunt
796 3173 983 3250 interpretes:
1005 3173 1109 3248 Aquila
1130 3172 1243 3248 quidem
1265 3171 1316 3234 sio.

220 3253 256 3308 Et
268 3261 332 3327 post
345 3261 444 3326 septem
460 3252 642 3308 hebdomadas
655 3261 682 3308 et
695 3253 835 3326 octaginta
849 3255 926 3316 duas,
938 3253 1037 3326 peribit
1051 3261 1156 3319 unctas,
1171 3261 1197 3308 et
1211 3271 1264 3308 uon
1278 3259 1318 3308 est

217 3335 260 3388 ei:
281 3331 472 3407 Symmachus
492 3341 587 3388 autem
609 3331 659 3398 sic,
676 3333 713 3387 Et
731 3340 797 3407 post
816 3331 995 3388 hebdomadae
1014 3341 1112 3404 septem
1128 3341 1155 3387 et
1175 3335 1317 3404 sexaginta

217 3415 285 3469 duna
297 3413 433 3470 excidetur
448 3412 571 3477 christus,
584 3421 611 3468 et
632 3430 685 3468 nun
699 3412 788 3467 aderit
803 3414 836 3466 ei.
879 3411 923 3466 Ex
946 3429 1001 3484 quo
1023 3411 1146 3467 maxime
1164 3410 1234 3466 mihi
1248 3428 1316 3466 con·

217 3501 293 3549 sture
306 3492 427 3560 videtur,
443 3493 572 3550 christum
585 3493 679 3548 dacem
694 3508 756 3546 esse
770 3508 845 3554 eum,
860 3509 943 3564 quem
958 3491 1098 3562 expositio
1112 3499 1210 3546 nostra
1223 3489 1316 3546 decla·

217 3571 299 3628 ravit.
341 3573 410 3628 Post
433 3590 482 3629 eus
503 3572 590 3644 igitur
611 3571 647 3626 de
671 3570 779 3644 quibus
796 3569 918 3626 dinimus
942 3569 1097 3642 completas
1122 3568 1317 3625 hebdomadas

216 3654 315 3725 peribit
335 3652 452 3709 christus
473 3652 572 3724 inquit.
616 3649 674 3706 Sed
694 3650 757 3724 quis
775 3650 891 3706 tandem
911 3649 958 3706 hic
979 3649 1111 3714 christus,
1127 3648 1179 3704 nisi
1197 3647 1254 3704 dux
1269 3648 1317 3724 qui

217 3731 344 3805 legitime
358 3731 512 3788 succedens
531 3748 566 3786 ex
586 3729 731 3804 pontificio
745 3748 850 3804 genere
865 3748 922 3786 suae
936 3729 1015 3804 genti
1030 3727 1184 3802 praeessetl
1206 3728 1317 3784 Mansit
1358 3781 1360 3786 .

217 3810 305 3884 igitur
322 3811 367 3868 hic
386 3811 509 3868 christus
527 3829 611 3884 qoem
626 3809 674 3866 diu
688 3809 880 3866 hebdomades
895 3809 949 3866 illee
964 3810 1144 3872 duraverunt,
1161 3807 1208 3864 ubi
1222 3815 1317 3864 nutem

218 3891 413 3948 illerumfunis
434 3890 557 3960 advenit,
579 3890 690 3946 excisus
712 3898 756 3948 est
778 3890 825 3963 qui
847 3890 882 3946 de
903 3889 1016 3966 generis
1037 3888 1214 3946 successione
1236 3888 1318 3962 genti

218 3981 359 4044 preesset.
403 3973 491 4028 Porro
518 3969 565 4025 hic
587 3969 640 4025 fuit
664 3968 826 4044 Hyrcanas,
851 3987 935 4043 quem
960 3988 1045 4043 quum
1069 3969 1201 4027 Herodes
1229 3968 1316 4024 inter-

217 4050 342 4115 fecisset,
364 4069 486 4124 regnum
507 4050 636 4123 protinus
658 4049 734 4122 quod
747 4051 795 4104 ¹ud
819 4050 911 4122 ipsum
932 4049 1002 4105 nihil
1020 4051 1166 4123 spectabat
1188 4048 1315 4121 arripuit,

218 4130 381 4205 primusque
395 4131 455 4204 ipse
469 4129 581 4203 prefuit
593 4147 629 4185 ex
648 4128 739 4184 alieno
759 4130 874 4202 genere.
918 4129 1060 4186 Caeterum
1069 4149 1132 4194 non
1147 4128 1225 4185 solus
1239 4127 1316 4202 Hyr·

218 4227 315 4274 canus,
332 4211 380 4285 qui
395 4209 518 4268 christus
532 4217 593 4266 erut
611 4219 641 4264 et
659 4209 816 4282 priscorum
830 4208 995 4282 pontificum
1009 4209 1189 4280 novissimos,
1204 4208 1316 4264 excisus

214 4299 277 4355 est„
287 4291 336 4347 sed
352 4291 436 4358 etiam
451 4308 492 4354 ea,
508 4288 667 4363 qum-altius
681 4306 701 4348 a,
712 4287 865 4363 majoribus
882 4288 1025 4366 longeque
1041 4287 1230 4362 superioribus
1244 4304 1314 4358 pons
