3120 4716
62 285 200 353 -45r.
434 273 664 342 DEMONST.
689 277 858 344 EVANu.
882 280 1016 362 lx.14
1250 283 1316 350 893

201 472 281 542 μοι
302 436 354 518 ior
375 445 479 547 αὐτῷ,
497 441 769 546 σαφέστερον
753 477 773 522 o
799 442 994 592 Σύμμαχος·
1011 439 1224 551 ε’ξέδωκεν’
1197 445 1315 542 ειπὼν,

214 559 308 655 δῆσον
324 565 506 672 μαρτύριον,
525 564 716 672 σφρνίγιοον
739 570 831 673 νίμιν
853 570 882 649 ἑν
902 575 970 654 τοῖς
992 565 1218 673 διατάγματί
1237 607 1313 676 μιν.
1327 594 1340 646 s

215 698 283 769 Καὶ
303 686 566 852 πριοδιιιῆτω
535 728 588 773 τιν
604 691 755 797 Κίριιν
724 730 776 773 τιν
797 695 1004 804 νιρνβίντνι
973 731 1008 776 τι
1028 699 1203 803 πρίοωπιν
1219 700 1317 776 αὐτοῦ

188 821 283 908 κᾶτι
302 822 358 900 rob
380 821 468 900 ιίνιιυ
484 816 629 914 Ὶνικδνβ,
652 826 712 900 cni
730 818 884 925 ιἰνινμειό
899 825 1006 902 ciris.
1065 823 1183 902 Kaio
1201 822 1314 902 Ἀκύ-

213 957 282 1030 λας
310 945 347 1025 δὲ
373 954 500 1026 τοῦτον
526 948 584 1024 καὶ
615 945 722 1029 αὐτὸν
753 944 966 1052 ἐξέδωκε
930 981 993 1026 τον
1020 945 1164 1051 τρόπον,
1194 945 1317 1042 ἔνδησον

213 1071 393 1179 μαρτνίριιν,
413 1069 605 1180 πφριίγιιτιν
625 1073 712 1173 ιίμιν
737 1109 767 1152 εν
744 1067 957 1160 διδακτοῖς
975 1111 1051 1230 ριν.
1111 1089 1179 1155 Καὶ
1202 1111 1313 1232 πρρτ-
1328 1111 1358 1147 ιο

214 1193 404 1305 δέξομαι
374 1236 425 1278 τιν
443 1199 574 1279 Θιιν
544 1236 595 1278 τιν
612 1199 898 1351 ι’νπρκρνβίντνι
867 1236 903 1278 τι
929 1202 1103 1306 πρίτωπνν
1121 1203 1221 1280 αὐτον
1244 1201 1315 1280 bro

214 1325 268 1402 τιῧ
297 1323 383 1404 νίνου
402 1321 547 1418 'inscia
573 1333 632 1405 καὶ
660 1323 810 1429 ὑπιμενω
836 1327 942 1406 cirin.
990 1331 1115 1406 Τοῦτο
1144 1327 1173 1405 δ
1194 1326 1256 1405 οὖν
1284 1331 1347 1405 oib

213 1457 277 1527 τοῦ
296 1454 462 1551 Σωτῆρος
481 1450 581 1548 ἡμῶν
599 1449 800 1530 ἀπόστολοι
819 1448 1047 1530 διδάσκονται
1071 1458 1195 1532 ποιεῖν.
1246 1451 1315 1536 Ois

213 1573 296 1680 ἑξῆς
323 1573 488 1678 ἐπιλέγει,
508 1570 573 1656 ibai
606 1576 673 1678 ίγδν
704 1585 764 1656 καί
790 1577 836 1656 ric
863 1573 1050 1668 παιδἰι,ιῖί
1077 1615 1135 1683 μιν
1164 1574 1315 1661 έδινιιινδ

212 1703 311 1786 Θιίς.
373 1707 439 1780 Καὶ
472 1700 567 1781 iorni
596 1710 642 1788 εἰς
667 1707 793 1808 σημεῖα
818 1703 879 1782 καὶ
906 1701 1028 1809 τέρατα
1054 1707 1082 1784 έν
1108 1712 1155 1813 τῷ
1178 1703 1316 1810 Ἰαριιλλ

189 1825 311 1934 sorapis
331 1831 444 1934 Kopion
463 1827 618 1922 sedebi
636 1825 690 1913 ἃδε
711 1835 862 1910 κατοικεῖ
877 1832 906 1909 ἐν
924 1839 971 1938 τῷ
991 1832 1051 1936 ίρει
1073 1831 1166 1913 sebo.
1218 1835 1338 1914 Kar-5

212 1952 361 2054 οικήσαν
385 1953 423 2033 δὲ
447 1956 468 2033 ὃ
496 1954 629 2057 Κύριοι·
652 1953 820 2052 Σαβαὼθ,
839 1955 858 2033 ὃ
883 1964 947 2034 τοῦ
966 1961 1062 2036 θεοῦ
1081 1957 1211 2057 Λόγος,
1230 1953 1316 2063 ένῷ

211 2080 402 2184 ἀνείληφεν
427 2079 614 2188 ἀνθρώπῳ,
634 2083 692 2160 καὶ
718 2078 782 2164 τὰς
808 2079 993 2184 διατριβὰς
1019 2079 1254 2181 πεποιημένος
1278 2083 1317 2159 ἐν

211 2211 263 2312 τῷ
295 2203 368 2308 ὄρει
397 2203 503 2303 Σιὼν,
531 2204 664 2305 σημεῖά
694 2239 732 2286 τε
763 2209 822 2286 καὶ
854 2205 984 2310 τέρατα
1019 2205 1315 2312 διαπραξάμενος,

212 2332 302 2427 ὁμοῦ
319 2337 393 2414 τοῖς·
416 2332 524 2412 αὑτοῦ
547 2336 723 2430 μαθηταῖς
746 2336 804 2411 καὶ
830 2340 925 2413 πᾶσι
947 2340 1021 2417 τοῖς
1043 2338 1092 2418 είς
1115 2333 1223 2414 αὐτὸν
1245 2368 1310 2414 πε·

211 2457 445 2537 πιοτευκόσιν
462 2455 508 2563 ἐξ
521 2454 690 2538 ἁπάντων
706 2465 779 2538 τῶν
796 2461 881 2559 πρὶν
899 2463 1172 2563 εἶδωλολατρῶν
1189 2495 1310 2562 παρα·
1326 2496 1355 2532 ιο

213 2583 390 2663 κελεύεται
426 2583 548 2682 μηκέτι
584 2585 731 2664 δεδιέναι
768 2585 859 2665 κατὰ
897 2585 1032 2684 μηδένα
1075 2587 1209 2687 τρόπον
1247 2585 1313 2684 τὴν

213 2711 455 2805 δεισιδαίμονα
483 2708 638 2809 πλάνην·
670 2712 754 2788 ἀλλ’
778 2714 808 2788 ei
838 2713 895 2789 καὶ
924 2710 1211 2813 παρασαλειίοιεν
1242 2712 1338 2789 uri-c

213 2832 296 2919 τοὺς
320 2833 342 2936 ἢ
363 2839 420 2915 καὶ
439 2834 668 2940 ἀναγκάζοιεν
686 2839 719 2914 oi
737 2834 782 2942 ἐξ
796 2837 908 2916 ἐθνῶν
926 2835 1183 2939 εἰδωλολάτραι
1200 2835 1314 2940 ζητεῖν

598 3026 806 3098 dte-ossam
821 3031 883 3088 cdd.
899 3033 931 3089 P.

213 3191 285 3248 didit
298 3190 487 3267 Symmachus
500 3191 546 3249 his
560 3191 663 3257 verbis,
680 3191 753 3266 Ligu
767 3195 955 3258 testimonium,
970 3195 1049 3267 ιὶριια
1063 3191 1147 3266 legun
1161 3195 1189 3249 in
1203 3193 1311 3250 ordinu-

213 3272 330 3330 rionibur
349 3274 423 3328 meis.
466 3273 505 3328 Et
520 3274 663 3347 expectabo
678 3271 829 3329 Dominum
850 3275 896 3346 qui
916 3273 1058 3329 abscondit
1071 3273 1177 3347 sociem
1199 3291 1275 3330 mm
1295 3291 1313 3330 ιι

213 3353 292 3408 domo
309 3351 406 3418 Jacob,
427 3360 454 3408 et
471 3353 617 3427 expectabo
637 3355 735 3426 iprum.
776 3351 879 3425 Aquilo
900 3370 967 3409 vero
992 3353 1077 3409 etium
1102 3353 1162 3427 ipse
1184 3351 1212 3407 in
1237 3352 1314 3409 huuc

213 3431 330 3488 modum
344 3432 493 3497 convertit,
510 3433 593 3507 illiga
615 3433 896 3506 testimoniumque
918 3433 1002 3506 Quin
1022 3435 1051 3488 in
1065 3430 1225 3487 docibilibus
1239 3433 1313 3496 meis,

213 3520 241 3568 et
253 3529 389 3570 ιιιιιιιιιοννν
405 3513 497 3569 Deum
511 3517 557 3587 qui
575 3513 712 3570 abscondit
723 3512 830 3586 sociem
850 3530 928 3568 suom
945 3530 962 3568 c
976 3513 1055 3568 donno
1067 3512 1163 3576 Jacob,
1177 3519 1204 3567 et
1218 3529 1312 3585 espec·

214 3594 277 3649 tubo
291 3594 387 3667 ipsum.
429 3591 501 3649 Haec
516 3593 603 3668 igitur
615 3593 708 3650 fucere
728 3591 883 3649 Salvatoris
904 3591 995 3649 nostri
1015 3591 1144 3666 discipuli
1165 3590 1312 3657 docentur,

213 3681 279 3748 post
293 3691 355 3746 qun
369 3672 502 3748 deinceps
515 3673 672 3748 subjungit,
687 3673 761 3732 Ecce
772 3691 822 3746 ego
835 3680 860 3730 er
880 3675 959 3747 pueri
978 3690 1044 3748 quos
1056 3673 1129 3729 dedit
1143 3671 1209 3728 mibi
1224 3669 1312 3728 Deus.

211 3751 255 3809 Bt
268 3760 347 3809 crunt
360 3754 390 3809 in
403 3755 485 3825 signu
498 3762 526 3810 et
540 3762 669 3828 portento
683 3756 710 3811 is
727 3755 844 3810 israela
860 3753 980 3810 Domino
993 3751 1124 3815 Sobootb,
1140 3751 1187 3826 qui
1206 3750 1313 3808 babitu!

212 3833 242 3889 in
262 3832 443 3890 monteSion.
486 3834 574 3890 Porro
595 3834 735 3890 Dominus
752 3833 888 3896 Sabaoth.
902 3833 995 3908 ipsum
1013 3833 1067 3889 Dei
1081 3831 1218 3894 Verbum,
1232 3839 1311 3906 post·

214 3931 299 3988 quum
314 3912 452 3970 hubituvit
466 3912 496 3969 in
509 3933 544 3971 co
557 3913 673 3971 homine
687 3933 771 3988 quem
788 3914 949 3988 assumpsit,
964 3922 994 3971 et
1006 3913 1037 3969 in
1051 3919 1149 3968 monte
1164 3909 1234 3968 Sion
1248 3929 1312 3968 ver-

212 4003 291 4050 sutus
311 4001 366 4060 cst,
388 3993 526 4068 signaque
546 4003 576 4051 et
595 4003 727 4069 portentu
747 3994 844 4060 edidit,
866 4002 928 4050 tum
948 4012 1017 4050 vero
1039 3992 1096 4050 suis
1117 3990 1269 4066 discipulis,
1283 4001 1314 4050 et

212 4073 344 4130 omuibus
358 4073 517 4148 quicunque
536 4082 602 4131 unte
622 4073 816 4130 ssimuluchris
837 4073 942 4130 addicti
962 4073 992 4130 in
1012 4071 1097 4129 iidem
1117 4071 1206 4147 ipsius
1218 4071 1313 4128 venis·

212 4161 286 4216 seut,
301 4154 444 4228 precepit,
453 4171 489 4210 ne
503 4155 623 4229 umplius
638 4154 845 4228 superstitionis
859 4172 983 4211 errorem
999 4153 1056 4210 ullo
1071 4153 1157 4210 modo
1168 4153 1312 4217 timerent,

211 4251 310 4290 verum
325 4233 430 4307 potius,
445 4234 573 4308 quamvis
587 4235 663 4309 ipsos
677 4234 819 4309 agitarent
839 4241 889 4290 sut
909 4234 994 4290 etium
1012 4241 1148 4309 cogerent
1169 4233 1216 4308 qui
1238 4231 1313 4306 upud

212 4321 315 4388 gentes
328 4313 460 4372 colebant
474 4314 643 4372 simulachra
664 4333 789 4390 querere
809 4314 951 4390 pythones
972 4323 1001 4373 et
1015 4315 1128 4371 orscule
1150 4312 1311 4369 daemonum
