3120 4716
235 196 300 260 888
711 193 898 260 nusnnu
1311 187 1492 274 8448-

234 352 394 434 κατὰτὸ
428 353 640 455 εὐαγγέλιον
664 356 859 451 πολιτείαν,
889 352 1066 451 ἰσχύσατε,
1095 356 1200 458 φησὶ,
1227 355 1359 456 >cripere

233 479 401 582 ἀνειμένοι
430 488 489 560 uui
515 482 645 584 γίιατα
670 477 950 586 παραλελυμένοι,
968 485 1016 564 εἷς
1041 479 1250 577 ἑτοιμασίαν
1268 482 1334 576 δη-

212 604 328 705 ιλαδὴ
356 613 420 686 τοῦ
446 605 603 686 κατὰτὸ
631 603 843 708 εὐαγγέλιον
870 605 1016 709 δρόμου.
1073 603 1270 708 ’ἰσχύσατε
1298 602 1337 682 δὲ

234 735 292 812 καὶ
322 739 369 816 εὶς
396 733 437 812 τὸ
468 740 689 835 παρακαλεῖν
721 733 858 836 ἐτέρους
885 737 943 812 καὶ
973 739 1163 833 παρορμᾶν
1190 731 1337 836 ἔχεσθαι

234 864 297 959 τῆς
316 861 546 960 εόαγγελικῆς
568 861 748 963 σωτηρίας
771 863 866 959 ὑμεῖς
888 865 921 939 oi
938 858 981 939 τὸ
996 862 1083 962 πρὶν
1104 857 1335 963 ὀλιγόψυχοι,
1348 892 1379 926 ¹0

233 989 292 1066 καὶ
319 985 369 1087 μή
397 1021 450 1071 τις
480 989 569 1086 ὑμᾶς
597 988 735 1089 αἱρείτω
762 986 879 1093 φόβος
903 994 976 1066 τῶν
999 987 1133 1093 ἔξωθεν
1157 989 1332 1065 ἀνθιστα-

234 1112 350 1212 μένων
368 1119 419 1220 τῷ
437 1115 655 1220 εὐαγγελικῷ
674 1113 884 1218 κηρύγματι,
899 1113 998 1194 ἀλλὰ
1016 1110 1176 1215 καὶπρὸς
1190 1111 1367 1195 τοιίτουςᾱ

211 1239 422 1344 Βίσχιίσατε,
450 1247 508 1318 καὶ
535 1238 586 1338 μὴ
613 1247 802 1346 φοβεῖσθε.
863 1238 956 1324 Θεὸς
983 1237 1055 1342 γὰρ
1082 1237 1126 1337 ἦν
1154 1241 1212 1318 καὶ
1240 1243 1337 1318 Θεοῦ

236 1367 365 1470 Λόγος,
385 1370 468 1449 ἀλλ’
489 1371 530 1448 οὐ
559 1375 693 1448 Μωσεῖ
714 1403 767 1453 τις
793 1367 1059 1471 παραπλήσιος,
1078 1367 1165 1447 οὐδέ
1185 1401 1239 1450 τις
1262 1374 1337 1450 τοῖς

234 1494 435 1600 προφήταις
464 1495 593 1595 ὅμοιος,
622 1497 663 1575 οὐ
692 1492 824 1593 ιιμόνον
850 1502 922 1575 τῶν
948 1493 1164 1600 παραδόξων
1188 1492 1360 1592 ποιητὴςε

236 1621 437 1722 θαυμάτων,
461 1621 560 1702 ἀλλὰ
587 1625 646 1702 καὶ
674 1623 755 1721 ὑμῖν
788 1623 906 1705 αὐτοῖς
934 1627 997 1720 τῆς
1027 1620 1153 1725 ίσχιίος
1180 1621 1336 1722 γεγονὼς

213 1749 357 1832 unirent.
424 1749 555 1832 Πίστις
588 1750 618 1827 δ’
649 1747 695 1827 niv
726 1747 861 1850 γένοιτο
898 1746 1140 1851 ἐναργεστότη
1178 1752 1240 1846 τῆς
1272 1755 1336 1826 τοῦ

236 1875 546 1981 προφητευομένου
571 1879 737 1978 Σωτῆρος
755 1875 856 1974 ἡμῶν
881 1875 1000 1955 ε’νθέου
1024 1873 1213 1974 δυνάμεως,
1232 1877 1274 1954 δι’
1294 1873 1337 1974 ἧς

238 2006 383 2101 ἀληθῶς
400 2001 540 2107 χωλοὺς
558 2005 616 2082 καὶ
642 2001 802 2108 τυφλοὺς
819 2005 879 2081 καὶ
903 1997 1058 2105 λεπροὺς
1083 2006 1142 2082 καὶ
1165 2001 1334 2104 παρειμέ·
1348 2033 1379 2068 ¹0

238 2163 318 2214 νους
337 2129 465 2211 ίοίσατό
490 2129 580 2212 ποτε
603 2128 704 2238 λόγῳ
721 2129 812 2211 κατὰ
831 2130 895 2215 τὰς
912 2131 992 2232 περὶ
1014 2130 1122 2209 αὐτοῦ
1140 2127 1295 2233 γραφὰς,
1314 2129 1337 2227 ἡ

236 2259 294 2337 καὶ
327 2256 435 2337 εἰσέτι
467 2267 530 2338 νῦν
563 2256 791 2360 ἐνεργουμένη
820 2257 912 2359 πρὸς
938 2262 1002 2356 τῆς
1031 2259 1141 2338 αὐτοῦ
1174 2255 1337 2355 θεότητος

236 2386 317 2464 καθ’
338 2382 426 2481 ὅλης
443 2386 507 2482 τῆς
525 2383 723 2485 ἀνθρώπων
743 2385 945 2484 οἰκουμένης
964 2383 1080 2486 ἀρετὴ,
1099 2386 1141 2462 δι’
1156 2383 1197 2484 ἧς
1216 2384 1335 2465 αὐτοῖς

236 2511 351 2614 ἔργοις
369 2509 489 2595 ὁποῖός
507 2543 560 2593 τις
578 2507 622 2608 ἦν
644 2516 702 2590 καὶ
720 2510 800 2591 τότε
818 2517 890 2596 τοῖς
909 2511 994 2595 οἵοις
1012 2545 1051 2590 τε
1076 2515 1233 2613 συνορᾶν
1254 2511 1331 2588 ε’πι·
1347 2541 1377 2590 ¹⁵

652 2706 669 2738 ¹¹
683 2700 780 2772 μόνων]
797 2701 876 2770 μόνον
891 2701 918 2756 S.

236 2853 300 2910 11188
322 2854 358 2911 ad
380 2855 572 2930 evangelicum
594 2854 659 2912 vitae
683 2854 899 2921 institutionem,
920 2856 1102 2920 convalescite.
1121 2853 1221 2928 iuquit,
1239 2872 1337 2911 ιιιοιιυι

237 2937 356 2990 88881888
375 2943 402 2990 et
418 2954 509 3008 genua
524 2935 664 3001 dissoluta,
679 2935 715 2993 ud
730 2935 903 2993 alacritatem
914 2935 1046 2993 videlieet
1059 2933 1215 3009 evangelici
1228 2953 1334 2991 888888.

237 3013 453 3072 Confirmnmini
473 3015 558 3072 etium
580 3016 616 3073 ad
637 3016 829 3074 exhortandos
849 3015 1336 3091 8888188888888881188,888888-

236 3092 357 3169 gelicem
375 3095 494 3153 sulutem
516 3096 731 3170 amplectentur,
745 3116 807 3162 voe,
821 3097 946 3172 inquam,
962 3097 1009 3171 881
1030 3095 1107 3171 prius
1128 3097 1213 3153 eretis
1234 3095 1336 3171 pusillo

237 3174 341 3237 animo.
364 3194 454 3250 neque
474 3176 547 3234 81188
563 3196 615 3234 vos
636 3177 728 3252 onpiat
749 3177 836 3234 timor
856 3197 963 3241 eorum.
985 3178 1031 3252 881
1053 3176 1229 3234 extrinsecus
1250 3195 1335 3233 evan-

237 3255 336 3332 381188
351 3257 543 3331 predicationi
558 3258 713 3316 resistunt:
736 3276 834 3316 verum
848 3269 949 3316 contra
962 3257 1015 3314 hos
1030 3276 1141 3332 quoque
1162 3257 1336 3315 8818888881-

237 3336 304 3412 pite,
319 3345 348 3394 et
358 3357 394 3394 ne
408 3338 516 3403 timete,
527 3340 606 3396 Deus
619 3339 695 3396 enim
709 3347 793 3396 estet
805 3338 861 3396 Dei
874 3339 1008 3406 Verbum,
1020 3357 1078 3394 non
1092 3347 1187 3394 eutem
1198 3337 1338 3414 quispiam

237 3417 315 3475 Moei
329 3418 436 3484 similis,
451 3439 484 3477 88
498 3438 533 3478 88
547 3419 621 3477 ullus
635 3420 748 3494 quidem
766 3419 968 3495 prophetarum
982 3419 1048 3476 huin
1061 3425 1106 3476 eet
1119 3419 1336 3494 comparandus,

238 3499 285 3574 qni
299 3519 357 3556 non
371 3500 462 3558 881888
477 3501 611 3558 miraculo
626 3500 760 3558 inusitate
773 3501 858 3558 edere
871 3501 1027 3564 consuevit,
1042 3517 1141 3556 verum
1155 3499 1242 3556 etiam
1256 3498 1338 3556 vobis

237 3579 306 3654 ipeie
321 3581 413 3638 omnio
431 3581 604 3638 fortitudinis
625 3589 654 3638 et
668 3582 833 3638 constantine
855 3581 958 3639 author
978 3581 1084 3638 existit.
1127 3581 1337 3654 Argumentum

237 3679 304 3718 vero
319 3662 506 3718 certissimum
521 3661 606 3718 fuerit
620 3661 720 3718 divinae
742 3663 811 3736 ejus,
826 3681 909 3737 quem
931 3661 1077 3736 prophetoe
1091 3669 1242 3718 venturum
1263 3677 1338 3716 nun-

237 3740 354 3805 tiarunt.
378 3741 533 3800 salvatori·
558 3743 648 3800 nostri
670 3742 790 3806 virtutis,
813 3761 864 3817 per
882 3761 967 3816 quum
987 3761 1018 3800 re
1036 3749 1153 3798 vernet
1174 3740 1289 3797 claudos
1307 3749 1338 3797 et

238 3841 329 3879 888888
350 3831 379 3880 et
398 3823 484 3898 188818
505 3822 625 3880 infectos
645 3831 674 3880 et
691 3823 825 3880 membris
846 3823 999 3881 dissolutos
1018 3822 1116 3888 verbo,
1138 3829 1169 3878 nt
1190 3821 1337 3895 scripturn

239 3921 301 3977 qun
316 3903 413 3961 (181118
427 3911 526 3960 extent
541 3904 626 3961 fidem
648 3903 763 3966 fuciunt,
778 3904 928 3978 uliqunndn
948 3903 1099 3968 sonaverit,
1115 3920 1149 3959 eu
1170 3919 1232 3976 quae
1251 3901 1337 3957 etiam

238 4001 314 4038 nuno
333 3983 484 4040 effiouciem
505 4003 584 4041 888888
604 4003 640 4041 ex
660 3984 734 4042 illius
755 3984 901 4041 divinitate
922 3985 951 4040 in
970 3991 1033 4041 toto
1053 3983 1100 4057 881
1121 3983 1157 4040 nb
1176 3979 1338 4040 hominibus

239 4061 371 4118 incolitur
391 4064 460 4120 orbe
478 4065 603 4121 ostendit
616 4066 715 4129 virtue,
730 4083 781 4139 per
799 4083 882 4139 quum
903 4063 987 4122 rebus
1007 4065 1076 4139 ipsiu
1095 4073 1125 4121 et
1143 4063 1226 4122 fectis
1247 4061 1338 4137 qunlie

239 4149 307 4197 tuno
328 4159 440 4213 quoque
460 4142 545 4199 fuerit
567 4145 610 4207 iis,
632 4145 681 4218 qui
700 4145 803 4202 intueri
824 4153 952 4219 poeeunt,
974 4145 1151 4203 ostendituri
1173 4143 1286 4220 quondo
1307 4141 1337 4198 in
