3130 4722
85 155 224 238 -365.
417 155 646 221 DEMONST.
672 156 843 222 EVANG.
870 156 963 221 VIII.
980 157 1118 222 Paomis.
1275 159 1339 223 725

195 359 230 394 10
238 320 471 418 καταστάσει,
490 327 549 402 καὶ
566 326 705 430 ἀριθμῷ
724 324 893 423 ληπτοῦς,
913 321 964 403 ὧν
980 323 1027 401 τὰ
1052 325 1136 425 παρ’
1156 324 1340 426 Ἑβραίοις·

236 447 447 546 μνημονεύει
472 449 591 550 λόγια,
614 455 793 555 θεοφιλεῖς
817 453 982 551 εὑροῦσα
1001 447 1138 532 τούτοις
1161 448 1219 528 διὰ
1243 477 1361 553 xpp-⁵

236 579 344 668 σμῶν
369 576 427 652 καὶ
452 575 628 678 θειιντερας
650 576 854 681 ε’πιφανείοίς
873 577 1009 674 ὡμίλει,
1028 575 1231 680 δεξιουμένη
1257 574 1339 658 τοῦς

236 698 369 801 ἄνδρας
405 703 462 778 καὶ
500 700 748 802 θεραπεύουσα
779 700 899 800 νόμοις
931 708 1004 784 τοῖς
1035 698 1135 803 παρὰ
1172 700 1339 784 Μωσέως

195 830 484 927 ιιεὶσαγωγικοῖς
513 830 571 906 καὶ
603 825 836 931 βιωφελίσιν.
888 823 1003 904 Ἀλλ’
1033 826 1092 906 ὅτε
1126 826 1170 925 δὴ
1203 827 1241 904 ἐκ
1274 831 1338 924 τῆς

233 952 372 1035 τούτοις
398 953 625 1053 διαταγείσης
650 953 862 1051 νομοθεσίας
888 951 927 1030 ei<
952 986 990 1031 τε
1015 958 1086 1031 τῶν
1111 950 1203 1050 μετὰ
1223 959 1336 1032 ταῦτα
1347 987 1378 1023 ιο

233 1083 468 1182 προφητικῶν
492 1077 713 1178 μαθημάτων
739 1085 785 1160 είς
810 1078 948 1161 πάντας
966 1077 1174 1180 ἀνθρώπους
1193 1078 1337 1161 εύωδίας

235 1204 336 1302 δίκην
360 1201 634 1308 ΙΙπροηηεομένων
660 1205 728 1303 ἤδη
754 1201 885 1282 λοιπὸν
909 1202 1071 1304 ἡμέρωτο
1091 1209 1164 1282 τιῦν
1185 1209 1337 1282 πολλῶν

233 1327 281 1407 τὰ
313 1329 535 1435 φρονήματα,
565 1338 638 1413 τοῖς
672 1365 710 1410 τε
741 1335 894 1412 πολλοῖς
926 1329 1045 1408 ἔθνεσι
1072 1335 1248 1407 πολιτεῖαι
1276 1332 1336 1408 καὶ
1344 1363 1375 1425 p.
1387 1343 1451 1426 365

237 1457 443 1554 νομοθεσίαι
461 1458 689 1551 συνίσταντο,
705 1460 832 1558 ἀρετῆς
849 1489 888 1534 τε
906 1457 965 1533 καὶ
983 1454 1209 1559 φιλοσοφίας
1225 1452 1337 1552 ὄνομα

234 1579 335 1684 παρὰ
359 1589 433 1664 τοῖς
458 1590 609 1665 πολλοῖς
633 1585 773 1680 ε’βοῦτο,
792 1585 840 1665 ὡς
858 1579 903 1660 ἂν
921 1578 1162 1679 1πεπαυμένης
1179 1584 1243 1678 τῆς
1260 1614 1333 1660 πα·

235 1715 342 1792 λαιᾶς
369 1709 557 1810 θηριωδίας
582 1709 852 1808 μετατιθεμένης
870 1708 908 1786 δὲ
931 1713 995 1806 τῆς
1013 1707 1139 1809 ἀγρίας
1157 1713 1214 1786 καὶ
1237 1709 1358 1805 ‹inp-s

237 1842 319 1917 νοῦς
344 1834 478 1933 διαίτης
505 1837 562 1912 ἐπὶ
584 1831 626 1912 τὸ
654 1832 861 1939 πρᾳότερον,
880 1833 986 1918 miris
1006 1835 1074 1933 ἤδη
1097 1831 1226 1913 λοιπὸν
1244 1829 1336 1912 κατὰ

235 1957 358 2058 καιρὸν
382 1957 446 2037 τὸν
470 1957 703 2061 προσήκοντα
727 1960 747 2038 ὁ
771 1965 844 2037 τιῦν
862 1959 1007 2037 τελείων
1024 1992 1064 2038 τε
1083 1962 1141 2037 καὶ
1163 1959 1335 2061 οὐρανίων

234 2083 425 2184 δογμάτων
442 2119 481 2163 τε
503 2086 563 2163 καὶ
580 2083 800 2184 μαθημάτων
818 2081 953 2166 τέλειος
971 2085 1028 2162 καὶ
1052 2081 1213 2185 οὐράνιος
1232 2081 1332 2162 διδά-

233 2220 386 2307 σκαλος,
406 2211 507 2308 ὁτῆς
529 2212 686 2309 ἀληθοῦς
709 2211 928 2310 θεογνωσίας
953 2207 1182 2310 είσαγωγεῦς,
1201 2211 1222 2287 ὁ
1241 2208 1334 2291 Θεὸς
1345 2250 1375 2285 ιο

235 2333 356 2435 Λόγος
387 2335 562 2442 ἐπίφανεν
598 2333 723 2415 ἑαυτὸν
756 2333 848 2415 κατὰ
883 2333 947 2413 τὸν
982 2336 1235 2440 ῦπογραφίντα
1270 2337 1363 2432 τῆςο

233 2459 538 2564 ε’νανθρωπὴσεως
565 2463 673 2541 αι’ποῦ
697 2459 837 2565 χρόνον,
856 2462 941 2559 μίαν
958 2467 1033 2542 τοῖς
1051 2467 1167 2538 πᾶσιν
1184 2459 1334 2556 ἔθνεσιν,

229 2583 401 2685 Ἕλλησί
424 2620 462 2666 τε
491 2590 549 2665 καὶ
576 2585 784 2689 βαρβάροις,
803 2592 854 2693 τῷ
872 2619 910 2665 τε
936 2588 1044 2666 παντὶ
1070 2585 1161 2664 ἔθνει
1182 2591 1256 2662 τῶν
1274 2588 1335 2663 άν-

351 2762 365 2801 l
380 2765 555 2837 προχεομίνης
569 2766 600 2822 P.
615 2774 647 2820 ut
660 2767 732 2838 vulg.
748 2766 776 2821 S.
857 2761 866 2806 ¹
880 2764 1050 2835 πεπαυμένοις
1064 2765 1106 2820 ed.
1123 2762 1218 2835 steph.

233 2917 320 2972 stetu,
343 2921 373 2966 et
393 2909 475 2966 facile
497 2909 696 2974 numerabiles,
716 2929 837 2984 quornm
861 2929 942 2968 saera
965 2911 1040 2986 apud
1059 2910 1198 2968 Hebraeos
1220 2907 1336 2968 oracula

234 2987 433 3053 meminerunt,
448 2989 501 3046 Dei
522 2989 665 3046 studiosos
686 2991 847 3065 amicosque
867 2999 959 3055 uaota,
974 2991 1028 3048 hos
1045 2991 1124 3066 ipsos
1142 2998 1171 3047 et
1191 2991 1335 3064 responsis

233 3067 439 3142 alloquebatur,
454 3078 484 3125 et
504 3070 540 3126 ad
562 3068 671 3126 divinas
688 3070 811 3127 visiones
832 3071 1009 3136 admittebat,
1030 3071 1200 3145 eosdemque
1222 3071 1335 3130 interim

233 3149 314 3222 qnasi
328 3167 414 3205 manu
427 3156 545 3223 captans
559 3149 685 3214 curabat,
701 3157 731 3206 et
743 3148 864 3224 legibus,
878 3169 948 3225 quas
962 3151 1061 3208 Moses
1075 3151 1184 3217 fixerat,
1200 3151 1334 3208 oultiores

233 3228 380 3286 reddebat.
423 3226 482 3284 Sed
495 3227 544 3285 ubi
553 3229 614 3302 jam
628 3248 661 3285 ex
675 3229 787 3304 legibus
801 3249 863 3304 quas
877 3231 921 3288 his
941 3231 1009 3305 ipsis
1023 3232 1097 3288 datae
1110 3231 1232 3295 fuerant,
1248 3239 1334 3304 atque

233 3325 269 3364 ex
292 3307 465 3382 propheticis
491 3309 612 3382 posthae
639 3309 802 3383 disciplinis,
829 3309 859 3366 io
887 3329 986 3368 omnes
1014 3311 1144 3366 homines
1170 3310 1333 3389 fragrantiis

231 3387 380 3461 enjusdam
401 3388 491 3444 instar
511 3388 642 3462 profusis,
657 3389 734 3463 quod
754 3398 909 3464 supererat,
925 3390 1077 3446 multorum
1098 3389 1184 3445 animi
1201 3405 1334 3444 mansus.

232 3467 321 3524 tiores
337 3475 495 3531 evaserant,
510 3469 661 3543 multisque
675 3469 809 3544 gentibus
823 3477 851 3526 et
865 3469 963 3526 oiviles
980 3486 1074 3526 mores
1093 3476 1122 3524 et
1141 3467 1237 3540 legum
1251 3466 1332 3522 insti·

233 3547 357 3604 tutiones
371 3547 550 3614 constabant,
565 3548 733 3623 virtutisque
753 3567 787 3606 ao
807 3548 992 3624 philosophie
1012 3565 1117 3604 nomen
1136 3545 1212 3619 apud
1228 3545 1333 3601 multos

232 3627 408 3691 audiebatur,
423 3628 503 3702 quasi
524 3628 616 3705 prison
634 3628 683 3684 illa
699 3628 811 3684 feritate
826 3630 983 3694 desinente,
998 3635 1027 3684 et
1041 3625 1148 3700 agresti
1162 3624 1333 3698 immanique

233 3707 310 3764 rictu
328 3708 357 3764 in
377 3707 519 3764 mitiorem
536 3709 596 3781 jam
612 3715 796 3774 commutato,
810 3709 872 3783 ipse
889 3709 949 3782 jam
964 3715 1025 3763 turu
1040 3705 1176 3779 temporis
1195 3712 1332 3778 opportu-

232 3787 351 3844 nitatem
366 3795 476 3850 uaotus.
492 3787 551 3862 ipse
572 3787 686 3862 inquam
704 3787 894 3860 perlectorum
909 3786 1121 3858 ooelestiumque
1139 3783 1333 3840 institutorum

232 3865 498 3942 disciplinarumque
512 3867 654 3942 perfectus
668 3867 845 3941 coelestisque
859 3867 1005 3940 magister,
1014 3881 1143 3938 vereque
1156 3863 1210 3920 Dei
1224 3861 1332 3920 notitias

233 3945 410 4004 introductor
419 3945 501 4003 Deus
509 3947 636 4004 Verbum
651 3947 774 4021 seipsum
789 3945 918 4003 exhibuit
937 3945 974 4001 sd
992 3945 1186 4019 praesoriptum
1201 3942 1333 4000 humanm

232 4045 299 4084 ase
319 4026 497 4084 assumendae
518 4035 627 4083 naturis
650 4034 772 4100 tempus,
795 4041 937 4098 unamque
958 4024 1091 4099 gentibus
1112 4023 1251 4081 universis
1273 4031 1334 4080 tem

233 4105 342 4164 Groeois
363 4125 448 4181 quam
468 4106 604 4172 barbaris,
620 4106 698 4163 omni
719 4105 815 4181 utique
835 4105 961 4162 humano
981 4104 1089 4180 generi,
1105 4103 1193 4179 patris
1212 4103 1257 4160 sui
1274 4102 1331 4158 ole·

230 4187 368 4244 mentium
389 4187 578 4260 pietatemque
595 4187 729 4244 nunciare
743 4195 805 4244 tum
825 4184 920 4258 ooepit,
936 4193 965 4242 at
981 4185 1017 4242 ad
1039 4203 1122 4242 unam
1140 4191 1258 4242 cunctos
1278 4181 1331 4237 ho-
