3144 4720
73 268 204 334 -ιη,
480 254 708 321 uuuousu.
733 256 903 322 uvAuu.
927 259 992 322 1x.
1009 278 1042 337 4.
1254 261 1320 325 ιιι

193 408 276 497 stru}
301 414 614 518 περιτετειχισμένον
641 450 700 494 σου
729 417 911 512 οἰχήσεται.
974 418 1046 494 Καὶ
1074 414 1177 518 ἅπερ,
1196 419 1312 520 φησὶν

215 539 235 615 ό
262 538 405 618 τοιόσδε
435 539 557 642 ἅρχων
583 538 760 620 πέπονθεν
787 539 879 619 κατὰ
907 539 971 619 τὸν
998 540 1196 620 ἐπελθόντα
1224 543 1320 649 αὐτῷ

214 662 376 762 πόλεμον
400 667 437 742 ἐν
460 661 490 772 ᾦ
513 665 649 768 μητέρα
673 667 731 746 ε’πὶ
755 665 888 749 τέκνοις
911 665 1105 771 ἠδόφισαν,
1125 663 1170 744 τὰ
1196 699 1342 767 παρα-ε

213 790 358 887 πλησία
381 792 439 868 καὶ
465 792 546 886 ὑμῖν
571 791 689 874 αι’ποῖς
714 789 856 889 ποιήσω
884 789 943 868 διὰ
965 789 1030 874 τὰς
1055 791 1178 872 κακίας
1206 791 1316 885 ὑμῶν.

213 915 321 1012 Ὑμῖν
349 913 387 993 δὲ
414 916 489 994 τίσι
515 913 539 1014 ἢ
567 923 642 998 τοῖς
669 916 900 1012 καλουμένοις
921 915 1175 1016 Ἰσραηλίταις,
1199 914 1233 994 οἳ
1261 919 1319 995 καὶ

214 1039 433 1144 ἀπερρίφητε
460 1037 531 1118 σὺν
557 1045 609 1146 τῷ
637 1047 789 1135 βασιλεῖ
807 1043 916 1140 ὑμῶν,
934 1039 999 1120 τόν
1015 1041 1185 1144 Ἡρώδην
1203 1049 1314 1123 αίνιτ-

190 1160 372 1262 υτόμενος.
433 1168 505 1244 Καὶ
530 1163 643 1244 ταῦτά
661 1163 725 1268 1“γε
747 1165 867 1246 πάντα
889 1165 1099 1262 πεπόνθατε,
1120 1163 1200 1247 θιότι
1220 1173 1317 1264 ταῖς,

214 1287 500 1396 φησὶν,’1σριιῆλ,
520 1298 580 1369 καὶ
600 1287 667 1391 ἐγῶ
683 1293 853 1391 ἡγοίπησα
872 1291 978 1381 αὐτόν,
996 1301 1056 1370 καὶ
1076 1289 1125 1396 ’ἐξ
1144 1285 1358 1397 Αίγιίπτουὲο

212 1415 369 1494 ἐκάλεσα
385 1416 436 1494 τὶν
455 1417 515 1494 οίίι
534 1450 610 1519 μου.
672 1420 758 1498 Πῶς
785 1414 858 1516 γὰρ
880 1414 955 1496 οἶόν
981 1449 1021 1494 τε
1044 1414 1135 1495 κατὰ
1160 1416 1201 1494 τὸ
1229 1415 1315 1496 αὐτὸ

212 1547 287 1623 τοῖς
304 1542 422 1623 αὐτοῖς
440 1540 712 1647 ἐπιμέμφεσθαι,
732 1545 790 1620 καὶ
814 1541 926 1622 πάλιν
953 1541 1036 1626 τοὺς
1061 1539 1187 1626 αὐτοὺς
1211 1544 1313 1620 ε’παι·

213 1671 285 1743 νεῖν
301 1697 311 1761 ;
343 1667 450 1744 Ἀλλ’
471 1665 515 1766 ἦν
534 1668 554 1744 ὁ
572 1666 711 1766 ἀληθὴς
729 1675 810 1749 νοῦς
834 1665 966 1765 ταύτην
990 1667 1082 1771 ἔχων
1101 1667 1198 1766 Ιιιτὴν
1222 1674 1313 1748 θεοι-

212 1790 304 1890 ρίαν.
362 1790 516 1894 Ἰσραὴλ
533 1790 606 1893 γὰρ
624 1794 644 1870 ό
663 1791 825 1893 Χριστὸς
851 1795 909 1872 καί
934 1795 1015 1872 καθ’
1036 1792 1156 1893 ἑτέρας
1178 1793 1337 1894 timu-⁵

213 1949 332 2016 ρευται
360 1919 590 2022 προφητείας,
616 1917 739 2020 ὥσπερ
767 1919 829 1997 οὖν
858 1921 916 1998 καὶ
943 1921 999 1998 ἐπὶ
1027 1922 1090 2016 τῆς
1115 1918 1312 2021 παρούσης.

188 2042 360 2141 ςἘπειδὴ
390 2044 509 2122 τοίνυν
541 2044 654 2140 οὗτος,
682 2047 809 2148 φησὶν,
842 2041 995 2142 ὑπήκοός
1024 2077 1086 2141 μοι
1118 2044 1314 2145 γενόμενος,

211 2167 358 2273 μορφὴν
386 2167 518 2248 δούλου
547 2168 683 2271 εἴληφε,
712 2172 770 2246 καὶ
799 2167 924 2269 γέγονε
955 2171 1097 2250 παιδίον
1127 2168 1315 2271 ἀγαπητόν

211 2297 299 2392 ἐμοὶ,
312 2302 436 2374 πᾶσαν
454 2292 520 2393 τὴν
534 2293 621 2393 ε’μὴν
638 2293 828 2377 ε’κτελίσας
840 2295 991 2394 βουλὴν,
1005 2292 1064 2374 διὰ
1081 2304 1188 2375 τοῦτο
1205 2293 1342 2376 αὐτὸνά

210 2419 275 2517 μὲν
302 2419 375 2500 ἀπὸ
402 2424 465 2518 τῆς
492 2420 679 2521 Αἰγύπτου
707 2426 755 2504 είς
782 2419 825 2520 ἦν
848 2419 1128 2523 ἐνανθρωπῆσας
1155 2420 1310 2521 κατελή-

210 2551 329 2642 λυθεν,
348 2547 441 2625 οὕτω
466 2545 683 2645 δηλουμένου
706 2555 770 2626 τοῦ
796 2545 975 2648 περιγείου
1003 2545 1124 2643 τόπου,
1143 2545 1165 2646 ἢ
1191 2549 1250 2626 καὶ
1271 2547 1316 2652 ἐξ

210 2673 320 2770 αὐτῆς
346 2676 409 2770 τῆς
433 2672 632 2775 προχείρου,
659 2670 717 2751 οἶα
743 2670 895 2774 γνήσιον
913 2675 996 2751 ιικαὶ
1023 2671 1210 2773 ἀγαπητὸν
1238 2672 1313 2751 υἱὸν

211 2794 495 2896 ἀνεκαλεσιίμην·
525 2799 614 2895 ὑμᾶς
633 2797 680 2893 δὲ,
700 2794 782 2881 τοὺς
800 2797 890 2900 πρὸς
909 2797 970 2882 οὓς
987 2798 1007 2876 ὁ
1025 2795 1147 2898 λόγος,
1166 2793 1237 2876 σὺν
1255 2801 1336 2878 καὶε

252 2952 261 2997 ¹
275 2957 308 3011 τὸ
321 2957 382 3012 add.
398 2958 429 3011 P.
545 2952 618 3028 kyu]
634 2979 663 3010 τε
679 2957 710 3012 Ρ.
822 2953 888 3030 Ῑίξ]
904 2957 947 3011 ἀπ’
962 2959 993 3012 Ρ.
1107 2969 1131 3002 ¹¹¹
1146 2959 1194 3029 τὴν
1206 2960 1268 3014 add.
1284 2960 1312 3014 S.

212 3045 227 3076 ὓ
243 3037 284 3091 καὶ
297 3055 350 3092 om.
367 3037 398 3092 Ρ.

210 3174 256 3222 eut
269 3165 299 3222 iu
313 3164 398 3232 bello,
412 3164 442 3221 iu
457 3181 513 3238 quo
528 3173 646 3222 matrem
661 3181 747 3239 super
760 3165 825 3221 filiis
844 3173 928 3223 terrae
948 3166 1104 3231 alliserunt,
1119 3166 1219 3223 eudem
1232 3167 1313 3224 vobis

211 3263 323 3320 quoque
343 3245 413 3321 ipsis
429 3245 531 3302 facium
553 3253 669 3319 propter
689 3243 809 3302 mulitius
832 3254 950 3302 vestras.
993 3246 1084 3303 Vobis
1104 3265 1190 3321 ροπο
1211 3247 1312 3320 quibus

211 3325 328 3382 tuudem
347 3324 419 3391 aliis,
434 3325 489 3381 nisi
507 3325 555 3399 qui
570 3324 711 3382 vocamini
726 3323 872 3388 Israelitoe,
893 3325 996 3400 quique
1017 3326 1102 3382 etium
1124 3326 1222 3400 rejecti
1243 3326 1312 3382 eutis

211 3423 276 3462 cum
299 3423 369 3479 rege
390 3405 510 3463 vestro?
531 3406 580 3462 ubi
603 3403 748 3461 Herodem
769 3404 916 3460 obscurius
937 3404 1063 3460 iudicat:
1086 3413 1116 3460 et
1134 3405 1196 3460 huc
1217 3404 1313 3460 omniu

211 3485 287 3560 pauni
301 3485 379 3549 estin,
399 3487 524 3558 quonium
537 3504 613 3560 puer,
628 3483 728 3558 iuquit,
743 3491 782 3539 ιιι
799 3483 893 3550 Israel,
908 3490 936 3540 et
956 3501 1004 3556 ερο
1025 3485 1108 3540 dilexi
1128 3501 1188 3538 eum
1200 3507 1210 3538 :
1232 3490 1259 3538 et
1280 3484 1312 3539 de

210 3566 337 3638 AEgypw
350 3565 539 3641 uocauifilu'um
554 3583 649 3620 meum.
690 3563 748 3630 Qui
762 3563 837 3618 enim
851 3563 911 3619 fieri
926 3570 1030 3637 potest,
1042 3569 1074 3618 ut
1088 3562 1187 3618 eodem
1202 3563 1232 3618 iu
1247 3562 1310 3619 loco

212 3645 328 3702 eusdem
342 3653 371 3701 et
385 3653 499 3701 accuset
512 3652 541 3702 et
554 3642 676 3702 laudet?
698 3641 756 3700 Sed
766 3661 849 3700 verus
863 3661 962 3700 sensus
976 3649 1021 3698 est
1030 3642 1064 3705 is,
1077 3641 1124 3716 qui
1138 3642 1211 3698 huuc
1226 3642 1312 3700 habet

212 3725 489 3798 contemplationem.
531 3724 619 3780 lumel
633 3724 709 3780 euim
724 3724 753 3780 iu
767 3723 822 3779 aliu
834 3723 983 3798 prophetia
997 3721 1089 3778 dictus
1110 3729 1154 3779 eut
1169 3721 1311 3790 Chn'utuu,

212 3804 450 3879 quemadmodum
464 3804 494 3861 iu
507 3804 561 3860 huc
575 3823 687 3878 quoque
701 3823 787 3879 quum
801 3821 876 3860 nuuc
890 3811 1061 3860 tractamus:
1077 3801 1210 3877 quonium
1225 3801 1313 3876 igitur

212 3884 268 3949 hic,
282 3885 384 3958 iuquit,
399 3885 534 3942 obediens
548 3884 617 3940 mihi
636 3884 728 3941 suetus
746 3885 867 3941 formum
882 3884 955 3940 uervi
974 3882 1093 3956 accepit,
1109 3890 1138 3938 et
1156 3881 1248 3938 fuctus
1269 3890 1313 3938 est

211 3983 282 4038 puer
295 3965 365 4022 mihi
379 3965 508 4028 dilectus,
523 3965 590 4021 dum
609 3966 706 4021 omniu
725 3981 898 4039 quoeuuuque
912 3963 977 4020 volo
998 3961 1092 4026 efficit.
1106 3961 1212 4019 idcireo
1233 3961 1314 4018 illum

212 4063 247 4102 ex
265 4045 406 4120 AEgypto,
425 4046 462 4101 ud
483 4063 567 4118 quum
589 4045 712 4101 hominis
733 4045 826 4101 formu
847 4051 992 4116 assumpta
1013 4042 1169 4106 descendit,
1191 4042 1258 4099 dum
1280 4061 1315 4099 eu

211 4143 282 4182 voce
307 4134 436 4182 terrenus
460 4126 539 4181 locus
564 4125 748 4199 significatur,
762 4131 811 4180 αυτ
835 4122 920 4180 etium
943 4142 978 4180 ex
1002 4123 1051 4178 illa
1068 4123 1227 4198 vulgatiore
1249 4132 1313 4180 tuu-

212 4224 297 4280 quum
321 4205 479 4282 legitimum
504 4205 692 4278 dilectumque
717 4205 805 4262 filium
828 4203 961 4260 evouuvi:
985 4221 1035 4259 vou
1058 4211 1153 4260 autem
1175 4203 1262 4278 ipsos.
1277 4203 1315 4259 ud

212 4305 284 4361 quos
305 4305 399 4344 senno
418 4285 541 4344 directus
562 4295 615 4350 eut,
630 4304 687 4342 unu
705 4303 770 4342 cum
792 4301 883 4358 reguo
897 4293 992 4340 vestro
1006 4283 1136 4340 interitus
1151 4292 1180 4340 et
1193 4281 1314 4358 perditio
