3120 4716
50 235 190 302 -432.
447 221 675 288 DEMONST.
701 221 871 288 EVANG.
896 225 961 288 lX.
974 229 1005 289 6.
1235 228 1299 291 857

194 387 253 464 nal
272 388 307 464 τί
321 392 378 492 μοί
402 385 529 480 πλῆθος
548 389 609 468 τῶν
628 387 739 468 θυσιιῦν
757 387 865 494 ῦμιῦνς
895 391 980 469 Ἐπὶ
999 387 1062 468 τὸν
1080 389 1210 491 ἔρημον
1233 399 1297 469 τοῦ

193 509 375 613 Ἰορδάνου
393 514 633 610 ςμετατεθειιιε
658 513 724 614 τὴν
748 514 860 620 δόξαν
885 520 949 614 τῆς
965 513 1215 618 Ἰερουσαλὴμ,
1233 519 1321 614 τῆςο

193 638 270 716 κατ’
296 638 480 732 εὐσέβειαν
507 641 652 742 ἀγωγῆς
680 643 743 720 οῦκ
775 645 831 722 ἐπὶ
858 637 1098 742 Ἰερουσαλὴμ
1125 643 1208 719 ἀλλ’
1238 644 1296 720 ἐπὶ

193 768 257 862 τῆς
282 766 413 868 ἐρήμου
438 773 691 848 συντελεῖσθαι
716 766 916 875 ἀρξαμένης
941 767 1012 847 ἀπὸ
1039 774 1111 846 τῶν
1129 765 1296 848 Ἰωάννου

166 887 345 995 εχρῦνων.
403 890 592 978 Ὡσαύτως
617 894 655 974 δέ
684 897 741 975 καὶ
768 897 791 994 ἡ
819 893 902 994 τιμὴ
930 901 994 973 τοῦ
1022 893 1131 991 νόμου
1155 901 1228 973 τιῦυ
1256 929 1317 983 τες

191 1019 267 1096 κατ’
287 1015 395 1098 αὐτὸν
418 1019 714 1124 σωματικιίτερον
740 1022 1066 1120 νενομοθετημένων
1091 1020 1292 1126 δέδοταιτῇ

190 1142 308 1251 ἐρήμῳ
338 1151 402 1224 τοῦ
425 1145 606 1247 Ἰορδάνου
634 1147 692 1228 διὰ
720 1146 786 1246 τὴν
816 1150 1056 1227 ἀποδοθεῖσαν
1084 1149 1208 1244 αἰτίαν,
1237 1147 1292 1226 δτι

118 1276 122 1287 ’
188 1271 307 1370 μηκέτ’
326 1273 384 1352 ε’πὶ
408 1270 496 1373 ὴτὴν
513 1273 754 1377 Ἰερουσαλὴμ
776 1273 1027 1379 προσέφευγον
1054 1279 1086 1353 οὶ
1112 1278 1176 1372 τῆς
1200 1274 1291 1352 κατὰ

189 1396 314 1502 ψυχὴν
338 1402 524 1502 θεραπείας
550 1399 717 1500 δεόμενοι,
736 1399 837 1480 ἀλλὰ
861 1403 918 1481 ἐπὶ
942 1399 1008 1499 τὴν
1030 1399 1331 1502 ὀνομαζομένηνιο

189 1523 330 1625 ἔρημον,
349 1531 412 1624 τῆς
430 1528 468 1606 έν
492 1529 582 1632 αὐτῇ
606 1529 866 1629 κηρυττομέιπγς
890 1527 1054 1633 ἀφέσεως
1073 1531 1145 1605 τῶν
1169 1527 1321 1628 ἆμαρ-(1

163 1649 356 1806 ντηράτων
374 1652 501 1732 ἕνεκεν.
560 1651 673 1751 Οἶμαι
698 1653 735 1733 δὲ
764 1656 903 1733 καὶτοῦ
923 1657 1089 1756 Σωτῆρος
1108 1652 1207 1751 ἡμῶν
1225 1651 1291 1751 τὴν

188 1777 246 1854 ἐπὶ
273 1811 315 1856 το
298 1774 536 1878 βάπτισμα
560 1781 762 1881 παρουσίαν
784 1783 984 1878 δηλοῦσθαι
1007 1777 1064 1858 διὰ
1090 1787 1163 1875 τοῦ,
1188 1789 1248 1858 eei
1274 1788 1288 1860 ὁ

186 1905 273 1989 λαίς
291 1941 356 2009 μου
381 1897 561 2009 ἴψεται
528 1942 581 1997 την
599 1900 698 2012 δόξαν
719 1908 797 1984 Ku
769 1941 840 2010 ριου,
863 1901 980 1984 ndito
1007 1898 1172 2011 ὕψος
1117 1941 1171 1983 του
1191 1907 1285 1983 Θεοῦ.

186 2025 280 2109 Τότε
308 2029 380 2133 γὰρ
409 2033 467 2109 καὶ
498 2027 605 2136 ωφθη
633 2040 696 2110 τοῦ
724 2031 939 2131 Σωτῆρος
919 2037 1019 2130 ημῶν
1048 2065 1070 2129 η
1059 2028 1249 2135 δόξο,”
1229 2063 1311 2110 ores

184 2155 389 2246 βαπτισθεὶς
415 2155 518 2250 οὶνέβη
543 2157 615 2237 ἀπὶ
642 2159 698 2236 τοῦ
723 2151 853 2252 ὕδατος,
876 2165 934 2236 καὶ
962 2153 1173 2263 ἀνεῴχθησαν
1196 2163 1289 2264 αὐτῷ

156 2327 160 2334 ·
185 2289 212 2360 ei
242 2286 371 2389 aripenni,
393 2291 452 2363 nni
483 2280 547 2364 εἶδε
572 2283 609 2364 τῦ
636 2286 772 2386 πνεῦμα
797 2287 851 2364 τοῦ
869 2287 954 2364 Θεοῦ
981 2286 1190 2377 καταβαῖνον
1213 2287 1287 2364 ὡσεὶ

182 2407 385 2517 περιστερέιν,
404 2417 463 2490 καὶ
492 2409 584 2513 με’νον
608 2412 660 2491 ἐπ’
680 2412 787 2492 αῦτίν.
840 2409 933 2490 Ὅτε
957 2413 1015 2518 καί
1043 2409 1131 2517 φωνῆ
1161 2412 1200 2490 εἰι
1226 2410 1287 2491 nii

185 2535 316 2642 οῦρονῶν
334 2535 495 2635 ἠκούσθη
512 2539 677 2638 λέγουσιν,
694 2535 784 2623 οῦτίς
803 2539 889 2616 ἔστιν
908 2547 922 2618 ί
942 2537 1005 2622 υἱίς
1023 2574 1088 2640 μου
1108 2547 1122 2617 οΙ
1141 2543 1326 2638 tyana-10

145 2661 248 2758 ιοτδτ,
268 2659 341 2770 ivel
363 2658 542 2755 ηῦθίκησα.
601 2661 725 2741 Ἀλλὰ
750 2666 809 2742 καὶ
831 2670 903 2746 πᾶς
927 2665 947 2741 ὁ
976 2665 1133 2765 γνησίως
1160 2665 1217 2742 ἐπὶ
1243 2662 1284 2742 τὸ

182 2796 246 2866 τοῦ
269 2797 423 2890 λουτροῦ
444 2787 582 2890 παριὼν
606 2787 816 2893 μυστήριον,
833 2787 898 2888 τὴν
924 2791 1005 2889 περὶ
1030 2797 1094 2867 τοῦ
1120 2795 1285 2889 Χριστοῦ

376 2958 570 3031 Εμιτιιτέθηιιι]
588 2961 750 3028 μετοτίθιιιιε
765 2960 796 3015 Ρ.
891 2956 980 3032 11τὴν]
997 2964 1042 3030 τῆς
1058 2961 1085 3015 S.

181 3084 248 3141 milri
274 3085 420 3143 multitudo
441 3085 637 3161 τοςνηίοίοτιιια
665 3089 848 3145 nestrorum?
877 3088 912 3144 In
939 3089 1120 3146 solitudinem
1146 3088 1281 3147 Jordsnis
1322 3103 1357 3144 rae.
1370 3113 1431 3152 ι,ιι.

180 3165 325 3222 transtulit
348 3166 468 3240 gloriam
492 3167 683 3233 Hierusalem,
701 3176 849 3242 postquam
869 3170 942 3225 ratio
966 3170 1011 3243 pie
1033 3170 1220 3244 religioseque
1239 3170 1281 3226 vi-

179 3245 263 3302 vendi
278 3247 380 3302 nonin
396 3247 573 3303 Hierusalem
589 3248 639 3304 sed
654 3248 683 3303 iu
698 3249 811 3304 deserto
826 3250 1016 3304 consummari
1031 3259 1124 3323 empta
1137 3257 1190 3314 est.
1205 3249 1280 3324 quod

179 3324 310 3382 videlicet
328 3327 430 3383 accidit
450 3334 515 3400 post
528 3328 648 3384 loannis
662 3337 799 3402 tempore.
841 3327 933 3384 Simili
952 3329 1062 3385 ratione
1082 3330 1167 3385 etiam
1189 3329 1281 3384 honor

178 3403 260 3479 legis,
275 3412 304 3463 et
318 3424 416 3462 eorum
430 3425 493 3480 qoae
507 3407 538 3463 in
552 3407 617 3480 lege
630 3407 802 3481 corporalius
820 3407 928 3464 sancita
942 3417 1016 3470 sunt,
1030 3406 1165 3464 Jordanis
1179 3407 1277 3464 solitu·

178 3484 237 3541 dini
262 3485 345 3542 datus
368 3497 411 3542 est
434 3495 552 3561 propter
573 3487 691 3544 eandem
716 3505 839 3551 causam,
865 3487 997 3560 quoniam
1021 3504 1078 3543 non
1104 3487 1224 3561 emplius
1248 3487 1278 3542 in

179 3565 357 3622 Hierusalem
386 3567 587 3643 confugiebant
616 3567 662 3641 qui
691 3567 842 3624 curationis
870 3565 1037 3641 indigebant
1062 3567 1122 3640 ejus
1151 3585 1214 3641 quae
1242 3567 1278 3624 ad

175 3645 303 3702 nimum
318 3647 448 3721 pertinet.
463 3646 514 3704 sed
534 3648 564 3703 in
586 3646 615 3702 id
636 3647 711 3721 quod
733 3647 895 3704 nominatur
909 3648 1062 3710 desertum,
1078 3655 1194 3720 propter
1214 3664 1277 3703 eam

177 3743 239 3798 quae
253 3725 282 3782 in
295 3725 344 3782 illo
358 3726 564 3801 praedicabetnr
579 3727 773 3784 remissionem
793 3736 982 3801 peecatorum.
1026 3727 1098 3782 Puto
1113 3726 1197 3784 etiem
1213 3725 1276 3783 Sel-

177 3807 282 3862 vatoris
304 3808 394 3862 nostri
423 3806 458 3863 nd
482 3808 652 3882 baptismum
678 3825 822 3864 accessum
850 3808 1004 3882 significari
1031 3807 1086 3862 illis
1108 3807 1209 3872 verbis,
1236 3806 1278 3863 Et

172 3887 291 3962 populna
308 3905 382 3944 mene
401 3888 501 3943 uidebit
519 3887 636 3962 qlorr'am
654 3889 767 3945 Domini
784 3897 810 3943 et
827 3889 999 3944 altitudinem
1015 3887 1091 3942 Dei:
1110 3894 1179 3942 tunc
1200 3887 1275 3944 enim

175 3965 236 4022 vise
250 3974 294 4023 est
309 3965 466 4024 Salvatoris
479 3968 569 4024 nostri
582 3967 683 4042 gloria,
700 3987 782 4042 ηυιιπι
801 3971 922 4025 escendit
943 3971 976 4024 de
996 3985 1077 4041 αηιιο,
1093 3975 1120 4022 et
1141 3970 1165 4022 ei
1185 3970 1276 4041 aperti

173 4052 238 4102 eant
252 4048 318 4110 coeli,
333 4056 361 4104 et
382 4049 449 4104 uidit
468 4051 595 4122 spiritum
611 4049 667 4104 Dei
686 4047 885 4104 descendentem
904 4049 981 4119 quari
994 4049 1154 4111 columbam,
1169 4055 1195 4103 et
1216 4067 1273 4102 mn·
1343 4053 1349 4066 '

174 4134 280 4182 nentem
300 4145 436 4202 crepereo.
481 4128 569 4192 Quom
586 4145 637 4184 von
655 4145 759 4200 qnoque
776 4129 809 4183 de
826 4127 889 4182 eolo
911 4129 1007 4183 ondita
1028 4136 1075 4189 eet.
1100 4127 1197 4190 dicem,
1221 4127 1276 4182 Hie

174 4213 215 4262 eet
228 4207 309 4276 filius
328 4225 402 4264 mene
414 4207 539 4274 dilectus,
555 4212 582 4265 in
597 4226 648 4282 qno
663 4208 730 4263 miii
743 4207 904 4282 eornplncni.
948 4207 1003 4262 Sed
1018 4207 1102 4263 etiam
1118 4208 1276 4280 quicunque

172 4283 301 4359 legitime
323 4287 360 4343 ad
383 4287 487 4345 lavacri
511 4288 675 4364 mysterium
698 4286 815 4352 aceedit.
836 4286 883 4343 ubi
908 4286 1081 4362 theologiam
1104 4287 1139 4343 de
1161 4286 1275 4343 Christo

214 4400 283 4440 VOL·
300 4401 333 4439 11.
742 4403 760 4440 Χ
775 4403 795 4441 X
