3144 4720
76 258 200 325 -393·
439 247 669 316 DEMONST.
693 249 864 320 EVANG.
889 255 987 321 VIII.
1005 277 1033 320 2.
1253 261 1316 324 783

211 415 296 515 δρος
313 412 591 520 Ἀλεξάνδρειαν
618 416 731 519 κτίζει,
751 423 799 502 ὡς
818 420 997 520 Ἰώσηπος
1025 427 1169 525 ἱστορεῖ,
1189 422 1316 530 ἀφικό-

172 537 316 636 οιμενός
330 573 369 619 τε
387 547 435 624 είς
449 541 496 621 τά
506 541 743 645 Ἱεροσόλυμα
756 552 808 652 τῷ
827 553 896 652 θεῷ
913 556 1119 649 προσκυνεῖ.
1151 555 1315 656 Τελευτᾷ

211 665 250 744 δὲ
279 664 344 745 τόν
373 668 455 760 βίον
481 668 724 774 Ἀλέξανδρος
753 673 791 750 ἐν
819 675 914 778 ἀρχῇ
940 677 1005 772 τῆς
1032 677 1228 774 ἑκατοστῆς
1256 677 1315 754 καὶ

209 792 605 895 τεσσαρεσκαιδεκάτης·
631 797 891 895 Ὀλυμπιάδος,
923 799 1015 898 μετὰ
1051 800 1112 901 ἔτη
1149 799 1356 908 διακόσιαιο

209 916 401 1021 τριάκοντα
428 920 492 1027 ’ἓξ
511 921 642 1024 Κόρου,
663 921 702 1005 ὃς
726 917 944 1016 ἐβασίλευσε
973 931 1130 1028 Περσῶν
1155 925 1246 1006 κατὰ
1270 925 1314 1005 τὸ

210 1050 356 1146 πρῶτον
387 1045 464 1130 ἔτος
494 1048 660 1147 πέμπτης·
687 1053 745 1128 καὶ
777 1056 1024 1149 πεντηκοστῆς
1049 1051 1340 1150 Ὀλυμπιάδας.α

170 1184 203 1249 ⁶9
214 1169 322 1249 Μετὰ
339 1170 377 1250 δὲ
394 1171 461 1271 τὴν
478 1170 647 1271 τελευτὴν
664 1173 909 1279 Ἀλεξάνδρου
927 1185 990 1254 τοῦ
1017 1177 1236 1273 Μακεδόνος,
1256 1181 1314 1255 καὶ

211 1296 304 1393 μετὰ
337 1295 402 1375 τὸν
438 1299 645 1396 δηλωθέντα
680 1301 852 1403 άρχιεράι,
889 1301 1042 1383 ’Ὀνίας
1078 1302 1213 1402 ἡγεῖται
1248 1311 1313 1380 τοῦ

212 1422 344 1518 ἔθνους,
355 1426 418 1520 τῆς
431 1427 505 1501 τῶν
518 1422 707 1526 ἀρχιερέων
725 1427 784 1502 καὶ
802 1424 909 1509 αι’ττὸς
925 1427 1181 1525 ἐπειλημμένος
1194 1431 1309 1526 τιμῆς·
1322 1455 1336 1506 s

211 1546 295 1628 καθ’
314 1547 358 1627 όν
386 1547 561 1635 Σέλευκος
587 1555 791 1644 Βαβυλῶνα
820 1549 1004 1652 κρατήσας
1031 1550 1074 1630 τὸ
1101 1556 1165 1649 τῆς
1183 1553 1312 1635 Ἀσίας

209 1676 424 1777 περιτίθεται
449 1672 612 1775 διάδημα,
631 1675 699 1754 ἔτει
722 1676 909 1782 δωδεκάτῳ
930 1675 1022 1775 μετά
1045 1675 1112 1775 τὴν
1129 1675 1308 1783 Ἀλεξάν-

209 1804 296 1903 δρου
314 1799 491 1899 τελευτὴν,
510 1802 590 1879 καθ’
611 1799 653 1880 ὃν
675 1801 870 1901 συνάγεται
898 1803 917 1880 ὁ
944 1808 1015 1886 πᾶς
1033 1800 1162 1906 χρόνος
1190 1805 1211 1881 ὃ
1238 1803 1311 1883 άπὸ

172 1923 405 2032 70Κιίρουζέίς
423 1926 484 2025 ἔτη
509 1922 674 2004 διακόσια
696 1926 1073 2028 τεσσαρακονταοκτοί.
1123 1929 1311 2008 Ἐντεῦθεν

209 2048 275 2148 τὴν
295 2049 488 2149 Ἑλλήνων
516 2052 709 2146 βασιλείαν
736 2052 780 2151 ’ἡ
806 2056 878 2130 τῶν
906 2054 1157 2148 Μακκαθαίων
1184 2053 1350 2160 γραφὴιο

211 2175 506 2278 καταριθμεῖσθαι
529 2177 687 2280 ἄρχεται.
748 2175 855 2256 Μετά
879 2177 917 2258 δὲ
943 2177 1008 2257 τὸν
1024 2181 1152 2259 Ὀνίαν
1174 2180 1310 2280 ἡγεῖται

210 2309 282 2381 τῶν
299 2301 480 2381 Ἰουδαίων
507 2300 687 2406 ἀρχιερεὺς
705 2300 930 2406 Ἐλεάζαρος,
949 2306 1032 2383 καθ’
1053 2303 1095 2384 δν
1119 2309 1152 2383 oi
1173 2307 1306 2400 Ἑβδα·

209 2427 369 2529 μήκοντα
400 2426 464 2510 τὰς
496 2428 590 2511 θείας
621 2425 899 2528 ἑρμηνεύσαντες
928 2428 1073 2536 γραφὰς
1105 2437 1182 2514 ταῖς
1218 2430 1340 2512 κατὰᾱ

171 2550 487 2659 71Ἀλεξάνδρειαν
522 2550 772 2652 βιβλιοθήκαις
808 2555 1064 2633 ἀνατεθείκασι.
1132 2557 1228 2636 Μεθ’
1268 2553 1310 2634 δν

211 2681 328 2781 ἕτερος
349 2678 483 2774 Ὀνίας,
508 2675 549 2757 δν
577 2679 771 2781 διαδέχεται
800 2679 931 2777 Σίμων,
957 2680 1038 2757 καθ’
1060 2677 1102 2757 δν
1119 2681 1262 2778 Ἰησοῦς
1289 2682 1310 2758 ό

210 2813 274 2884 τοῦ
307 2803 423 2907 Σιρδχ
454 2803 666 2906 ἐγνωρίζετο,
699 2806 719 2882 ὁ
751 2802 818 2903 τὴν
854 2803 1074 2904 καλουμένην
1110 2801 1333 2907 πανάρετονε

338 2956 408 3029 *ε’κ]
426 2955 455 3024 ἔξ
469 2957 500 3012 Ρ.
582 2957 699 3015 rodolas-
713 2958 742 3014 S.
757 2958 803 3030 qui
817 2967 848 3013 ut
861 2959 942 3031 vulgo
956 2957 1004 3013 inf.
1088 2956 1138 3010 ²el
1153 2955 1182 3012 S.

212 3076 292 3141 didit,
306 3083 339 3134 ut
351 3075 493 3151 Iosephus
510 3076 646 3152 scriptum
660 3076 782 3150 reliquit,
797 3083 827 3135 et
841 3077 1041 3152 Hierosolyma
1054 3076 1199 3153 ingressus
1213 3075 1308 3135 Deum
1351 3081 1435 3130 Jurb-

211 3157 347 3214 adoravit
375 3157 509 3213 Mortuus
523 3164 567 3214 est
580 3165 675 3214 autem
690 3155 856 3215 Alexander
869 3159 985 3216 ineunte
999 3157 1153 3215 centesima
1166 3164 1195 3214 et
1210 3167 1310 3232 quarta
1351 3131 1454 3231 δὲῃ

212 3237 321 3294 δεοίατο
335 3237 505 3312 olympiade,
521 3247 587 3310 post
601 3237 708 3312 Cyrum
723 3237 852 3294 ducentis
866 3238 985 3312 triginta
1002 3256 1053 3294 sex
1067 3237 1158 3303 annis,
1173 3238 1220 3312 qui
1235 3239 1310 3313 apud

213 3317 316 3374 Persas
337 3335 458 3392 regnare
482 3317 569 3390 coepit
586 3317 702 3374 ineunte
721 3316 880 3391 olympiade
905 3317 1004 3390 quinta
1027 3334 1113 3391 supra
1133 3317 1308 3392 quinquage-

212 3396 321 3454 simam.
362 3397 431 3454 Post
457 3405 579 3453 mortem
603 3415 672 3454 vero
696 3396 851 3452 Alexandri
872 3394 1049 3461 Macedonis,
1077 3403 1107 3451 et
1132 3402 1198 3468 post
1225 3414 1309 3470 qoem

212 3477 340 3549 proxime
354 3476 477 3534 diximus
490 3477 662 3550 pontificem,
677 3476 768 3532 Onias
787 3475 847 3548 ipse
869 3492 980 3549 quoquc
1000 3474 1181 3547 pontificatus
1200 3474 1309 3531 honore

212 3565 344 3630 suscepto
358 3557 439 3631 genti
454 3557 581 3630 praefuit:
599 3557 680 3630 cujus
693 3555 868 3628 temporibus
882 3572 968 3628 quum
983 3552 1118 3610 Seleucus
1132 3554 1309 3630 Babylonem

212 3637 341 3710 cepisset,
353 3635 429 3692 Asioe
443 3635 496 3692 sibi
510 3635 640 3693 diadema
653 3634 838 3692 circumdedit
852 3653 928 3691 anuo
942 3641 1008 3708 post
1018 3633 1174 3690 Alexandri
1187 3641 1309 3692 mortem

212 3715 390 3772 duodecimo.
431 3715 479 3772 Ad
493 3734 577 3789 quem
591 3735 608 3772 a
622 3716 699 3790 Cyro
713 3715 910 3790 incipientibus
929 3715 1022 3771 omnis
1040 3713 1178 3787 temporis
1198 3731 1311 3770 summu

213 3814 351 3852 annorum
373 3795 559 3852 ducentorum
584 3796 772 3870 quadraginta
799 3807 864 3852 octo
892 3794 1045 3869 colligitur.
1096 3793 1142 3850 Ab
1170 3793 1225 3854 boc
1247 3793 1309 3868 ipso

212 3883 340 3950 tempore
355 3875 521 3932 Graecorum
536 3893 656 3950 regnum
670 3893 819 3933 numerare
833 3875 931 3950 incipit
940 3873 1167 3931 Maccahaeorum
1181 3870 1308 3936 historio.

214 3955 356 4013 Caeterum
388 3965 454 4028 post
481 3953 587 4012 Ouium
614 3956 779 4012 iudeorum
812 3955 928 4030 suscipit
961 3955 1149 4029 principatum
1181 3953 1310 4029 pontifex

212 4035 374 4098 Eleazarus,
389 4035 442 4091 sub
461 4054 517 4109 quo
537 4053 595 4091 cxx
612 4034 665 4090 viri
685 4035 797 4091 divinas
817 4034 996 4109 interpretati
1016 4033 1170 4108 scripturas
1183 4032 1310 4094 Alexan-

213 4114 301 4172 drinis
321 4114 500 4171 bibliothecis
521 4114 697 4172 dedicarunt.
739 4113 807 4170 Post
828 4114 904 4170 huuc
925 4122 1038 4170 secutus
1057 4121 1101 4170 est
1114 4113 1186 4170 alter
1200 4112 1309 4171 Ouiae:

167 4241 177 4254 .
214 4194 260 4250 cui
283 4194 420 4251 successit
444 4193 561 4252 Simon:
595 4194 676 4268 cujus
703 4200 872 4267 tempestate
894 4193 979 4249 Jcsus
1007 4192 1081 4249 filius
1109 4191 1210 4250 Sirach
1236 4193 1312 4249 fama

214 4274 332 4331 celebris
345 4274 408 4341 fuit,
420 4274 467 4348 qui
478 4273 646 4348 Sapientiam
658 4273 741 4330 titulo
756 4273 851 4328 omnia
862 4273 996 4330 virtmum
1010 4290 1118 4346 genera
1131 4271 1312 4345 profitentem
