3144 4720
267 249 331 312 ras
370 317 376 338 „
733 247 919 312 nassau
1344 259 1517 331 p.395-

226 433 259 496 83
269 403 407 510 ζητήσαι
436 405 619 510 προσευχήν
653 421 713 488 καὶ
748 405 863 502 δέησιν.
925 405 1016 490 Εἶτα
1047 408 1138 506 μετὰ
1167 407 1233 508 τὴν
1261 405 1368 512 εὐχὴν

266 531 447 635 ἐπιφανεὶς
466 532 599 636 αῠτῴὁ
623 532 780 634 ἅγγελος
805 532 962 635 θεσπίζει
985 534 1031 613 τὰ
1058 537 1138 635 περὶ
1161 541 1235 612 τῶν
1259 535 1364 628 ἑβδο-

266 654 426 755 μήκοντα
450 655 668 756 ἑβδομάδων,
687 664 745 738 καὶ
770 659 834 738 τὸν
852 658 983 763 χρόνον
1007 659 1089 738 ὅθεν
1114 663 1170 738 δεῖ
1191 658 1399 762 ἅρχεσθαιδ

267 785 427 884 ἀριθμεῖν
455 783 629 883 σημαίνει,
650 785 778 885 λε’γοιν,
807 793 866 864 nai
894 785 1003 900 γνυῖση
1033 793 1093 864 καὶ
1123 787 1267 878 συνήσιιε
1293 784 1366 864 lei

266 905 373 1013 ῖξίδου
397 912 500 1011 λίγου
525 913 580 990 τοῦ
606 909 820 1017 ιἰποιιριθήνοιι
851 919 911 990 καὶ
939 913 994 989 τοῦ
1023 905 1238 1014 οὶκιδοριήσιιι
1255 911 1368 1016 Ἰερου-

266 1033 389 1138 σιιλήμ
409 1033 468 1118 ἕως
488 1037 622 1142 χριστοῦ
641 1035 826 1140 ήγουμίνου.
866 1035 997 1136 Γέγονε
1014 1034 1080 1134 μὲν
1098 1036 1161 1114 οὖν
1179 1034 1392 1137 ἀπόκρισιςς

265 1158 390 1259 πρώτη
419 1160 540 1262 Κύρου
568 1163 841 1259 οἰκοδομηθῆναι
867 1158 933 1259 τὴν
950 1158 1201 1263 Ἰερουσαλὴμ,
1226 1163 1268 1239 οὐ
1295 1160 1368 1260 μὴν

227 1289 314 1376 meir
333 1284 437 1388 ἔργον
461 1286 632 1389 ἐχώρησε,
651 1292 723 1366 τῶν
746 1286 932 1387 περιοίκων
958 1283 1222 1365 κεκωλυκότων.
1282 1292 1363 1364 Δα-

265 1410 361 1513 ρείου
379 1410 416 1490 δὲ
433 1410 523 1510 μετὰ
541 1420 652 1491 ταῦτα
673 1412 919 1508 κελεύσαντος,
939 1414 1077 1508 καὶτῆς
1095 1416 1281 1509 οἰκοδομῆς
1299 1419 1366 1490 τοῦ

266 1543 360 1640 ἱεροῦ
379 1540 453 1617 κατ’
466 1537 574 1618 αὐτὸν
592 1538 906 1636 συντελεσθείσης,
921 1573 944 1637 η
963 1544 1026 1616 τοῦ
1045 1535 1189 1635 Δανιὴλ
1207 1539 1413 1615 ἐντεῦθενιο

264 1665 465 1769 προφητεία
482 1662 548 1763 τὴν
567 1663 749 1767 καταρχὴν
767 1668 830 1758 τῆς
849 1660 1030 1756 ἐκβάσεως
1054 1658 1268 1759 ἐλάμβανεν,
1287 1663 1367 1761 ἥτε

266 1788 474 1894 φάσκουσα,
501 1792 573 1870 cirri
606 1786 711 1896 ἐξόδου
743 1791 849 1889 λίγου
879 1792 934 1868 τοῧ
963 1785 1188 1893 ιἰποιιριθήιοιι,
1220 1791 1281 1867 καὶ
1310 1791 1369 1867 τοιῖ

266 1911 480 2017 οἱκοδομήται
498 1915 728 2020 Ἰερουσαλήμ,
748 1921 806 1994 καὶ
834 1917 876 1992 δι’
897 1914 939 2014 ἧς
965 1913 1108 2016 εἴρηται,
1136 1911 1204 2014 ἑγδ
1235 1912 1367 2006 anila
1430 1987 1448 2002 ,

265 2039 392 2134 συιήιιιι
417 2043 446 2120 ir
471 2045 549 2125 ταῖς
567 2042 709 2133 βίβλοις
734 2042 785 2120 τὶν
811 2039 944 2148 ιἰριθρίοι
971 2040 1031 2120 τῶν
1055 2038 1143 2129 ἐτοῖν,
1163 2039 1220 2124 ‘¹25
1241 2037 1366 2140 ἐγενήθη
1375 2075 1407 2138 p.
1420 2059 1490 2140 396

265 2173 369 2267 λόγος
390 2169 504 2273 Κυρίου
522 2171 605 2272 πρλς
622 2171 778 2272 Ἰερεμίαν
798 2167 849 2247 rir
868 2167 1044 2272 προφήτην,
1064 2172 1110 2249 είς
1128 2165 1367 2270 συμπλήρωσιν

224 2320 254 2380 85
265 2293 453 2401 ἐρημώσεως
482 2291 713 2398 Ἰερουσαλήμ,
748 2289 979 2397 ἑβδομήκοντα
1013 2289 1076 2382 ίτή.
1139 2288 1244 2368 Κατὰ
1277 2298 1367 2390 γοῦν

263 2415 305 2494 τὸ
328 2417 489 2520 δεύτερον
514 2418 591 2502 ἔτος
610 2421 763 2522 Δαρείου
786 2421 808 2519 ἡ
833 2417 1100 2520 συμπλήρωσις
1122 2420 1186 2513 τῆς
1211 2419 1390 2516 ἑβδομηε

262 2543 526 2646 κονταετηρίδος
544 2543 785 2624 ἀποδέδεικται
806 2550 1057 2647 περαιωθεῖσα,
1076 2539 1171 2620 ὥστε
1190 2541 1235 2645 ἐξ
1249 2539 1365 2620 ἅπαν-

262 2700 324 2750 τος
354 2667 528 2772 ἅρχεσθαι
562 2675 634 2748 δεῖν
663 2670 755 2767 ἡμᾶς
782 2676 854 2749 τῶν
883 2665 1129 2767 ἑβδομήκοντα
1158 2665 1367 2764 ἑβδομάδων

263 2792 335 2873 ἀπὸ
369 2799 432 2893 τῆς
463 2795 663 2900 ἑξηκοστῆς
695 2797 753 2873 καὶ
780 2795 885 2892 ἕκτης
913 2788 1174 2888 Ὀλυμπιάδος,
1204 2793 1262 2868 καὶ
1294 2791 1367 2870 ἀπὸ

684 2931 783 3002 saepi
797 2928 842 3002 οδ]
860 2930 889 2985 δι
905 2931 936 2985 P.

264 3033 431 3106 deprecarer.
454 3033 556 3092 deiude
584 3043 649 3108 post
676 3033 905 3108 deprecationem
934 3034 1061 3108 angelus,
1090 3033 1137 3107 qui
1165 3033 1207 3089 illi
1241 3032 1366 3110 seipsum

265 3112 399 3176 ostendit,
421 3131 455 3168 ea
476 3112 583 3169 divinat
607 3133 669 3188 quie
691 3114 727 3170 ad
748 3114 930 3188 septuaginta
946 3112 1141 3170 hebdomadas
1161 3113 1314 3186 pertinent,
1336 3121 1367 3168 et

264 3198 377 3263 tempus
390 3191 465 3248 uude
480 3193 646 3249 numerandi
665 3193 775 3250 initium
798 3194 965 3268 capiendum
979 3200 1023 3250 est
1038 3193 1190 3267 signifieat,
1206 3192 1311 3256 dicens,
1331 3193 1366 3248 Et

264 3289 404 3345 eopnmres
425 3280 452 3328 et
468 3273 605 3344 intelliges
625 3272 660 3329 οδ
680 3276 754 3330 exitu
773 3276 904 3329 sermonis
923 3281 955 3329 at
971 3275 1165 3346 respondeatur
1177 3279 1205 3326 el
1218 3273 1367 3345 oedifieelur

264 3352 435 3409 Hierusalem
450 3369 534 3426 usqae
552 3353 589 3408 οθ
607 3353 735 3410 christum
752 3353 855 3410 ducem.
900 3353 989 3409 Porro
1006 3360 1101 3408 autem
1115 3370 1133 3408 a
1146 3345 1224 3427 Cyro
1244 3351 1366 3424 primum

263 3449 431 3506 responsum
452 3441 496 3489 est
520 3443 551 3489 ut
573 3432 759 3488 aedificaretur
779 3433 967 3495 Hierusalem.
989 3450 1042 3488 neo
1066 3439 1162 3488 tamen
1180 3431 1274 3505 ipsum
1296 3449 1367 3504 opus

264 3513 396 3568 effectum
419 3521 471 3577 est,
495 3531 581 3586 quum
609 3513 638 3568 id
660 3512 744 3568 vicini
772 3512 895 3587 undique
923 3511 1128 3586 prohibuerint.
1174 3510 1278 3566 Postea
1297 3528 1367 3566 vero

264 3609 351 3664 quum
366 3591 468 3648 Darius
479 3592 606 3665 jusserit,
618 3611 708 3666 eoque
722 3603 861 3666 regnante
875 3592 1035 3648 absolutum
1050 3590 1196 3668 sittempli
1206 3589 1365 3654 aedificium,

263 3668 329 3728 inde
354 3670 389 3728 ab
413 3671 468 3728 hoo
490 3672 552 3745 ipso
573 3680 700 3745 ternpore
721 3673 867 3746 prophetae
880 3667 990 3728 'Daniel
1012 3670 1156 3726 oraculum
1181 3669 1224 3726 sui
1247 3678 1367 3726 eventus

263 3749 374 3807 initium
398 3752 494 3816 sumit,
519 3753 600 3826 eujus
623 3753 710 3808 verba
733 3751 782 3808 illa
806 3761 881 3817 suut,
901 3759 931 3808 ut
955 3753 1147 3825 respondeatur
1168 3758 1195 3806 et
1219 3750 1368 3824 edijicelur

264 3830 446 3897 Hierusalem,
461 3831 491 3886 in
512 3849 568 3905 quo
589 3831 675 3887 etiam
697 3831 766 3887 illud
787 3831 894 3888 dictum
915 3839 968 3900 est,
983 3829 1049 3903 Ego
1071 3829 1178 3886 Daniel
1196 3829 1318 3884 intellexi
1338 3830 1367 3884 in

264 3908 340 3965 libris
361 3929 499 3966 nanterum
522 3913 717 3975 enarramus
738 3929 789 3984 quo
805 3911 906 3984 saclas
928 3919 968 3975 ol
991 3928 1079 3965 sermo
1100 3910 1214 3966 Domini
1239 3911 1276 3964 ad
1294 3907 1365 3963 Hie·

263 3989 376 4044 remiam
394 3990 565 4064 proplietam.
590 3999 621 4046 ul
642 3991 838 4064 complerentur
862 3992 1035 4046 desolationis
1059 3989 1236 4046 Hierusalem
1255 3995 1365 4062 septua-

261 4069 340 4140 pinla
370 4069 446 4125 anni.
503 4073 586 4126 Anno
610 4069 697 4144 igitur
720 4069 802 4126 Darii
828 4070 952 4127 secundo
981 4077 1098 4144 apparet
1122 4067 1279 4142 completos
1303 4085 1366 4123 esse

263 4163 353 4200 annos
377 4145 440 4202 illos
457 4149 647 4224 septuaginta,
671 4159 703 4206 ut
723 4169 776 4206 nos
795 4150 874 4207 omui
895 4149 1005 4206 ratione
1030 4155 1160 4223 oporteat
1185 4147 1367 4221 septuaginta

261 4223 472 4281 hebdomadum
494 4227 604 4283 initium
626 4229 717 4285 lacere
739 4247 756 4284 a
775 4247 847 4286 axvi
869 4229 1037 4304 olympiade,
1052 4235 1136 4301 atque
1158 4246 1175 4283 a
1193 4227 1271 4283 Darii
1291 4244 1366 4282 anuo

154 4371 157 4379 ¹
264 4303 397 4366 secundo,
427 4303 456 4357 in
482 4322 538 4375 quo
563 4307 655 4360 omnis
679 4307 727 4362 illa
751 4308 828 4363 urbis
854 4309 1031 4364 Hierusalem
1060 4307 1210 4363 aedificatio
1236 4305 1366 4362 absoluta
