3142 4720
470 231 698 297 DEMONST.
721 232 892 298 EVANG.
916 233 1044 318 VI.13.
1239 234 1304 298 547

206 395 428 469 συνεστῶσα
445 391 628 488 βασιλεία,
639 389 813 492 ἱερωσύνη
827 423 866 468 τε
884 391 942 470 καὶ
959 391 1188 471 διδασκάλων
1201 389 1304 492 ἰπρο-

206 516 315 616 εδρία,
342 514 409 617 ὅρη
437 523 500 595 νῦν
526 523 702 626 τροπικῶς
731 513 980 618 ὀνομαζόμενα,
1007 513 1304 615 σαλευθήσεσθαι

205 638 375 740 λε’γονται
393 643 450 720 ἐπὶ
467 648 513 744 τῇ
530 650 595 720 τοῦ
612 641 746 742 Κυρίου
764 641 808 747 ἐξ
822 642 981 744 οὐρανῶν
996 643 1188 746 παρουσίᾳ.
1230 644 1303 722 Καὶ
1315 675 1344 710 ιο

204 773 312 846 τοῦτο
345 766 506 852 diditus
533 767 659 851 πίλους
686 767 787 872 ἔτυχε
818 767 871 849 τίς
898 769 962 846 οῦκ
985 766 1039 846 ’ἂν
1067 766 1303 868 ὁμολογήσειε

206 891 297 991 μετὰ
320 892 403 977 τοῦς
419 903 484 973 τοῦ
506 899 673 996 Σωτῆρος
690 895 790 993 ήμῶν
808 895 931 992 Ἰησοῦ
957 898 1120 995 Χριστοῦ
1145 892 1304 996 χρόνους,

205 1017 311 1098 πάντ’
333 1021 447 1099 ε’κεῖνα
476 1027 619 1122 θεωρῶν
650 1021 691 1100 οῦ
720 1017 832 1118 μόνον
858 1019 1092 1116 σαλευθέντα,
1119 1017 1219 1097 ἀλλὰ
1246 1020 1304 1097 καὶ

207 1142 368 1223 ἐκποδῶν
380 1146 623 1246 γεγενημένα;
658 1143 833 1227 Κοιλάδες
851 1144 890 1222 δὲ
908 1144 1016 1224 εἰσέτι
1038 1152 1101 1223 νῦν
1114 1141 1302 1244 τηκόμενοι
1314 1177 1342 1227 1⁵

207 1262 276 1345 εἶεν
303 1265 349 1346 ἂν
378 1274 415 1348 αἱ
442 1271 521 1349 ἀντὶ
547 1275 610 1369 τῆς
634 1269 874 1372 Ἰερουσαλὴμ
901 1272 960 1349 καὶ
986 1278 1050 1350 τοῦ
1078 1270 1173 1350 Σιὼν
1200 1270 1303 1373 ὅρους

207 1391 300 1472 κατὰ
316 1400 442 1473 πᾶσαν
459 1392 569 1476 πόλιν
586 1403 817 1475 συνεστῶσαι
834 1397 952 1474 αὐτῶν
970 1399 1190 1496 συναγωγαὶ,
1208 1399 1299 1474 ἀπο·
1311 1423 1343 1487 p·
1355 1416 1417 1484 272

209 1523 406 1619 θρηνοῦσαι
421 1523 479 1598 καὶ
496 1518 775 1619 ἀποκλαιόμεναι
795 1523 854 1600 καὶ
872 1524 919 1603 ὡς
938 1519 1046 1621 κηρὸς
1062 1517 1135 1598 ἀπὸ
1152 1520 1300 1622 προσώ·

207 1675 280 1724 που
295 1645 408 1746 πυρὸς
419 1644 626 1746 “τηκόμεναι
639 1647 697 1726 διὰ
713 1646 833 1746 λῦπην
846 1647 906 1725 καὶ
922 1644 1073 1729 πένθους
1088 1645 1304 1748 ὑπερβολὴν,

210 1772 273 1866 τῆς
289 1803 329 1849 τε
350 1775 423 1848 τῶν
445 1770 580 1850 οἰκείων
603 1772 748 1872 ἐρημίας·
766 1774 824 1850 καὶ
849 1775 914 1870 τής
936 1778 1075 1874 μακρᾶς
1099 1774 1158 1849 καὶ
1184 1784 1299 1850 πολυ-

184 1903 309 1977 6ετοῦς
334 1897 495 1979 δουλείας
522 1896 646 1977 ἕνεκεν.
708 1900 780 1976 Καὶ
813 1897 936 1980 ἄλλως
964 1896 1001 1976 δὲ
1031 1895 1121 1976 κατὰ
1148 1895 1326 1976 διόνοιανι

208 2021 232 2117 ἡ
259 2029 324 2100 τοῦ
349 2017 470 2121 Λόγου
494 2029 558 2100 τοῦ
582 2024 676 2102 θείου
704 2023 881 2120 ἐπίβασις,
904 2023 968 2101 οῦκ
991 2025 1029 2103 ἐν
1053 2021 1222 2125 χάσμασι
1246 2025 1305 2100 καὶ

207 2146 442 2242 κοιλώμασιν,
456 2148 527 2226 οῦδ
543 2150 580 2227 ε’ν
598 2155 778 2232 ταπειναῖς
796 2151 853 2227 καὶ
872 2149 1108 2252 χαμαιπετέσι
1127 2149 1303 2244 διανοίαις,

207 2273 292 2349 ἀλλ’
321 2274 359 2350 ἐν
391 2274 600 2374 ἐπηρμένοις
632 2273 674 2353 τὸ
707 2272 876 2380 φρόνημα
908 2274 1121 2374 κατεγίνετο.
1180 2274 1304 2378 Ταύτῃ

207 2405 296 2498 γοῦν
321 2399 581 2501 τραπικώτερου
606 2397 712 2483 αῦτός
739 2402 759 2478 ὁ
790 2399 922 2500 Κύριος
950 2397 1224 2497 καταβήσεσθαι
1247 2397 1304 2477 ἐπὶ
1316 2429 1344 2464 ιο

184 2520 254 2603 mi
272 2523 351 2626 ὕψη
368 2525 431 2621 τῆς
449 2527 515 2623 γῆς
533 2524 662 2625 εἴρητο.
715 2523 815 2626 Ὀρη
834 2522 872 2602 δὲ
890 2522 1058 2622 σειόμενα
1077 2522 1333 2602 ὑποκάτωθενῦ

206 2647 317 2726 αὐτοῦ
334 2647 426 2726 αὐτὰ
444 2647 487 2747 δή
508 2651 619 2729 ἐκεῖνα
642 2648 688 2748 ἧν
704 2650 790 2729 ἔνθα
808 2648 946 2753 ἀνήχθη
964 2647 1032 2730 ὑπὸ
1050 2657 1114 2727 τοῦ
1134 2647 1300 2747 Πνεύμα-

371 2821 541 2900 ίπροιδρεία]
555 2823 679 2898 προεδρία
693 2827 725 2882 Ρ.
835 2821 851 2866 ¹¹
866 2825 1018 2896 τῆκοῦμιναι
1034 2825 1097 2897 (sic)
1115 2826 1142 2880 S.

209 2966 360 3023 docentum
377 2967 468 3035 sedes,
484 2968 530 3040 qui
552 2986 627 3026 nunc
644 2968 738 3025 fontes
756 2969 877 3042 figurate
893 2969 1085 3034 nominantur,
1099 2969 1305 3026 commovenda

210 3065 270 3102 esse
296 3046 350 3102 dici
371 3056 490 3120 possunt
509 3047 539 3103 in
562 3048 625 3121 ipso
643 3048 758 3105 Domini
780 3049 815 3105 de
836 3049 908 3106 coelo
929 3049 1070 3106 adventu:
1093 3057 1122 3106 et
1140 3050 1196 3107 hoc
1211 3048 1304 3123 ipsum

210 3125 322 3200 quidem
339 3127 423 3182 linem
438 3145 520 3183 suum
534 3127 687 3203 contigisse
703 3129 765 3202 quis
781 3148 838 3185 non
852 3129 968 3186 tandem
981 3129 1104 3187 fateatur
1120 3139 1187 3205 post
1206 3128 1304 3186 Salva·

210 3206 280 3262 toris
303 3206 393 3263 nostri
410 3205 482 3263 Jesu
504 3207 611 3264 Christi
634 3217 773 3282 tempora.
794 3228 879 3282 quum
906 3210 1000 3266 omnia
1020 3209 1069 3267 illa
1090 3211 1186 3268 videre
1205 3209 1304 3284 possit,

211 3304 267 3341 non
292 3285 384 3343 solum
407 3295 559 3355 commota,
582 3289 738 3345 sedetiam
764 3289 874 3346 sublata
895 3289 930 3346 de
953 3289 1069 3346 medio?
1093 3290 1188 3346 Valles
1210 3297 1305 3346 autem

209 3365 302 3421 adhuc
325 3365 514 3441 liquescentes
536 3375 620 3424 emnt
643 3369 691 3442 qui
711 3387 763 3442 pro
785 3368 963 3426 Hierusalem
987 3388 1094 3444 proque
1116 3377 1213 3426 moute
1234 3367 1305 3426 Sion

210 3463 260 3518 per
282 3463 394 3502 omnem
419 3447 518 3504 orbem
539 3448 685 3504 constituti
709 3457 776 3504 sunt
800 3468 897 3506 eorum
918 3458 1083 3513 conventus,
1105 3450 1249 3523 plorantes
1271 3467 1305 3504 ac

209 3525 349 3598 lugentes,
365 3535 394 3582 et
407 3527 485 3600 quasi
501 3545 566 3583 cera
579 3546 596 3583 a
609 3527 679 3584 facie
694 3529 768 3602 ignis
786 3528 983 3602 liquescentes,
997 3537 1113 3600 propter
1129 3528 1258 3582 moeroris
1271 3545 1305 3583 sc

209 3603 302 3661 luctus
316 3624 472 3670 excessum,
488 3614 516 3663 et
530 3617 645 3681 propter
657 3607 710 3665 loci
730 3607 813 3682 patrii
832 3606 1021 3669 solitudinem,
1037 3618 1066 3663 et
1083 3606 1199 3681 longam
1220 3613 1304 3679 atque

210 3702 346 3741 annosam
369 3686 543 3743 servitutem.
586 3685 656 3744 Alio
675 3695 813 3762 praeterea
836 3686 981 3744 intellectu
1002 3685 1089 3742 divini
1111 3683 1200 3742 Verbi
1220 3702 1304 3760 super

209 3764 373 3822 altitudines
388 3765 539 3822 descensus
553 3766 641 3840 accipi
660 3774 772 3842 potest:
795 3767 872 3840 quod
891 3765 988 3840 utique
1009 3783 1066 3821 non
1087 3765 1115 3822 in
1132 3764 1254 3822 hiatibus
1274 3774 1304 3823 et

209 3844 394 3911 convallibus,
404 3865 495 3920 neque
509 3845 537 3902 in
552 3847 669 3921 abjectis
682 3856 767 3921 atque
780 3847 810 3902 in
824 3848 943 3903 humum
955 3845 1147 3920 spectantibus
1161 3845 1261 3902 animis
1274 3856 1304 3903 et

209 3923 439 3998 cogitationibus,
454 3925 504 3982 sed
525 3926 554 3982 in
573 3927 656 3982 altius
673 3927 791 3983 sublatis
805 3935 834 3982 et
847 3945 958 3983 sursum
972 3925 1074 3984 erectis
1087 3926 1193 3983 versari
1207 3926 1302 3983 vellet.

208 4001 271 4058 Tali
285 4003 373 4077 igitur
386 4005 479 4080 figura
491 4004 599 4063 dictum
613 4014 656 4063 est
675 4006 767 4080 ipsum
781 4005 936 4063 Dominum
951 4025 1035 4082 super
1048 4005 1210 4063 altitudines
1220 4013 1304 4062 terrae

210 4083 420 4140 descensurum.
463 4083 520 4153 Qui
543 4104 611 4142 vero
635 4085 832 4142 concutiantur
855 4087 952 4142 subter
979 4105 1014 4146 eo
1041 4094 1163 4154 montes,
1181 4085 1236 4160 ipsi
1262 4085 1305 4141 illi

210 4163 307 4236 utique
321 4172 404 4220 erunt
418 4163 455 4220 ad
475 4183 545 4238 quos
565 4165 703 4222 adductus
716 4173 761 4222 est
774 4185 792 4222 a
806 4164 913 4240 Spiritu
931 4173 963 4223 ut
981 4175 1138 4223 tentaretur
1151 4185 1169 4222 a
1182 4165 1303 4230 diabolo,

212 4241 272 4305 Quo
293 4251 410 4316 tempore
431 4249 573 4320 assumpsit
591 4245 668 4302 illam
691 4245 815 4302 diabolus
834 4245 863 4302 in
883 4254 999 4303 ποαιεπι
1020 4247 1151 4302 excelsum
1172 4245 1258 4308 valde,
1277 4250 1304 4299 et
1344 4237 1444 4332 {2223

755 4359 774 4396 1
792 4358 807 4396 2
1347 4347 1378 4382 13.

1446 4235 1464 4273 a
