3132 4714
250 233 314 299 632
697 235 881 301 EUSEBII
1321 246 1495 314 p·3¹7-·

248 433 319 497 νυν,
347 399 439 480 κατὰ
472 400 508 479 δέ
539 399 605 500 τὴν
637 409 700 480 νῦν
731 399 830 503 παρὰ
856 399 1038 482 Ἰουδαίοις
1067 400 1274 505 φερομένην,
1304 399 1343 474 ἐκ

248 525 428 623 νεάνιδος;
461 529 589 628 Εὕροις
607 529 636 605 δ’
653 525 698 606 ἂν
716 526 816 628 παρὰ
831 531 966 606 Moesi
980 528 1038 604 καὶ
1056 523 1122 624 τὴν
1139 526 1340 624 ὁμολογου-

246 651 358 750 μένως
375 653 554 754 παρθένον
573 656 670 733 νεῖινιν
687 650 1035 754 προσηγορευμένην,
1048 648 1114 750 τὴν
1132 657 1220 751 γοῦν
1238 649 1342 755 ἑτέρῳ

247 778 558 876 μεμνηστευμένην
577 779 636 880 ὑφ’
656 777 776 878 ἑτέρου
798 774 836 854 δέ
859 775 1140 873 ἐκβεβιασμένην
1155 773 1269 879 τούτῳ
1288 777 1342 852 κέ-
1356 809 1385 842 ιο

209 911 357 999 ,ιικληκε
375 907 426 1006 τῷ
443 901 684 1004 προσρήματι.
734 900 857 980 Ἀλλὰ
876 904 933 979 καὶ
952 902 971 978 ὁ
990 903 1028 979 ἐκ
1045 903 1109 999 τῆς
1125 897 1342 998 δηλουμένης

247 1025 508 1129 τεχθησόμενυς
534 1024 769 1125 Ἐμμανουὴλ
796 1026 937 1129 μείᾷννα
965 1024 987 1126 ἦ
1015 1024 1105 1105 κατὰ
1135 1025 1198 1104 τὸν
1225 1023 1371 1103 κοινὸνο

247 1150 436 1252 ἄνθρωπον
462 1151 662 1257 ἐπιφέρεται
691 1149 849 1250 δύναμιν,
878 1149 1107 1253 ἐκλεγόμενος
1135 1149 1177 1228 τὸ
1205 1148 1342 1251 ἀγαθὸν

245 1280 330 1379 πρὶν
347 1276 389 1377 ’ἢ
409 1285 541 1380 γνῶναι
558 1276 708 1379 πονηρὰ,
726 1281 785 1357 καὶ
803 1281 958 1357 ἀπειθῶν
975 1279 1128 1382 πονηρίᾳ
1151 1285 1214 1355 τοῦ
1239 1275 1338 1355 ἐκλέ-

246 1403 381 1508 ξασθαι
408 1403 450 1483 τὸ
478 1403 626 1504 ἀγαθόν·
657 1408 716 1484 καὶ
746 1412 860 1483 ταῦτα
889 1405 951 1484 οὐκ
980 1407 1018 1482 ἐν
1043 1409 1088 1506 τῇ
1118 1411 1182 1482 τοῦ
1213 1399 1340 1503 ἀνδρὸς

207 1528 375 1633 μήλικίᾳ,
404 1530 486 1606 ἀλλ’
511 1531 549 1608 ἐν
580 1534 625 1633 τῇ
652 1539 715 1608 τοῦ
744 1531 898 1611 παιδίου.
957 1526 1028 1608 Διὸ
1056 1527 1199 1648 εἴρηται,
1226 1539 1298 1634 πρὶν
1321 1527 1362 1618 iis

245 1653 368 1753 γιῶνοιι
396 1650 431 1732 τί
458 1649 589 1734 ποιιθίον
615 1654 743 1755 ι’νγαθὶν
771 1654 788 1746 ’l
819 1656 934 1747 nenia,
957 1652 1090 1735 ἀπειθεῖ
1113 1657 1258 1762 πονηρίαι,
1286 1657 1341 1734 τοῦ

245 1773 449 1883 §eadelm
478 1780 513 1857 τὶ
542 1777 680 1878 ιἰγοιθὶν,
708 1782 750 1859 δι’
770 1778 819 1859 ὧν
845 1785 1030 1864 παντελῶς
1059 1776 1100 1857 τὸ
1128 1782 1193 1877 τῆς
1219 1782 1341 1862 κακίας

244 1903 389 2004 ἄπειρον
406 1911 469 1982 τοῦ
488 1904 706 2004 δηλουμένου
724 1908 952 2007 παρίσταται.
1009 1902 1132 1982 Ἀλλὰ
1149 1908 1208 1983 καὶ
1227 1907 1339 2005 κρείτ-
1351 1939 1381 1973 ιο

244 2060 331 2106 τονα
355 2026 378 2127 ἢ
404 2026 494 2106 κατὰ
516 2028 704 2132 ἄνθρωπον
723 2030 890 2132 ἐπάγεται
916 2029 981 2130 τὴν
999 2031 1209 2128 ἐπωνυμίαν,
1229 2039 1243 2110 ι’
1263 2028 1365 2134 μεθ’θ

205 2152 331 2255 sonipede
350 2151 520 2257 ὑπάρχων
537 2157 633 2239 Θιίς.
693 2155 763 2233 Διὸ
792 2152 919 2234 καὶτὸ
946 2158 1026 2257 περὶ
1054 2154 1162 2233 αὑτοῦ
1190 2161 1338 2253 σημεῖον

241 2277 348 2370 βιίθος
370 2277 511 2380 ἐλέγετο
534 2278 716 2384 περιέχειν,
735 2280 824 2376 ὁμοῦ
849 2278 968 2359 δὲκαὶ
991 2275 1094 2386 ὕψος·
1123 2276 1236 2371 βάθος
1262 2277 1335 2376 μέν,

242 2401 301 2480 διὰ
318 2400 383 2500 τὴν
396 2408 445 2486 είς
462 2403 671 2507 ἀνθρώπους
688 2401 885 2503 κάθοδον,ἢ
904 2407 961 2481 καὶ
981 2400 1046 2502 τὴν
1059 2402 1163 2506 μέχρι
1183 2401 1360 2482 θανάτους

240 2527 452 2629 παρουσίαν·
483 2531 578 2634 ὕψος
609 2527 657 2625 δέ,
690 2525 748 2607 διὰ
779 2526 844 2627 τὴν
876 2528 1011 2607 Ιἐνθεον
1038 2530 1077 2608 ἐκ
1110 2535 1174 2606 τοῦ
1200 2525 1336 2620 βάθους

241 2651 548 2748 ἀποκατάστασιν,
580 2651 604 2752 ἢ
636 2651 694 2731 διὰ
729 2651 795 2750 τὴν
826 2656 889 2750 τῆς
925 2652 1044 2731 ἐνθέου
1079 2649 1336 2756 πρυῦπάρξεοις

483 2847 498 2890 t
512 2837 527 2906 ’l
541 2853 594 2892 om.
611 2837 639 2890 S.
721 2845 735 2876 ²
749 2837 923 2905 ἔνθεον-τὴν
937 2859 982 2906 της
995 2853 1047 2892 om.
1064 2837 1091 2891 S.

242 2991 429 3062 pretationem
444 2991 479 3048 de
489 2990 600 3066 virgine
615 2993 702 3057 nasci,
717 2991 874 3048 secundum
888 3008 956 3046 vero
970 3007 1032 3046 eam
1047 3007 1110 3063 quae
1124 2989 1198 3062 apud
1209 2989 1338 3064 juniores

242 3069 330 3125 fertur
343 3069 469 3134 Judaeos,
485 3072 520 3126 de
541 3071 654 3146 puella?
684 3071 826 3128 Caeterum
848 3071 922 3144 apud
943 3070 1056 3126 lllosem
1079 3087 1189 3143 quoque
1209 3069 1336 3126 invenies

241 3166 313 3215 eam,
328 3169 390 3222 quae
405 3150 510 3223 absque
524 3152 715 3208 controversia
727 3153 765 3208 sit
777 3151 868 3226 virgo,
882 3149 1003 3224 puellam
1024 3149 1175 3223 appellari:
1198 3149 1335 3222 siquidem

240 3245 302 3283 eam
326 3247 388 3302 quae
410 3230 458 3286 alii
475 3231 645 3305 desponsata
665 3233 711 3295 sit,
726 3232 762 3287 ab
783 3231 838 3286 alio
859 3249 926 3286 vero
949 3229 1054 3293 vitiata.
1074 3229 1128 3285 hac
1149 3229 1335 3304 appellatione

239 3308 358 3366 vocavit.
380 3309 409 3365 Is
420 3320 556 3382 preterea
566 3312 613 3385 qui
621 3312 657 3368 de
665 3311 714 3369 tali
722 3310 840 3367 foemina
850 3310 885 3366 sit
897 3309 1023 3366 edendus
1033 3308 1148 3365 nomine
1157 3308 1336 3374 Emmanuel,

239 3389 346 3462 majore
361 3389 451 3446 fertur
469 3393 606 3465 potentia,
621 3410 705 3465 quam
724 3390 849 3448 omnium
865 3389 982 3446 aliorum
1002 3398 1046 3446 est
1060 3389 1217 3454 hominum,
1232 3388 1335 3463 quippe

238 3469 286 3542 qui
300 3469 387 3544 eligat
401 3470 505 3526 bonum
519 3471 597 3544 prius
612 3489 699 3544 quam
709 3469 876 3544 cognoverit
890 3470 972 3533 muln.
984 3479 1013 3526 et
1024 3469 1136 3526 malitiae
1151 3487 1209 3525 non
1223 3468 1333 3524 obtem-

237 3559 318 3622 peret
330 3551 398 3608 boni
413 3551 537 3624 eligendi
550 3551 651 3624 gratia,
667 3569 701 3608 eo
723 3551 814 3625 magis
828 3549 903 3623 qnod
925 3549 986 3605 haec
1004 3556 1120 3623 prestet
1138 3566 1197 3605 non
1217 3547 1246 3604 in
1261 3547 1334 3604 virili

234 3629 293 3701 jam
312 3631 362 3687 sed
381 3632 409 3686 in
428 3631 528 3704 puerili
541 3631 633 3688 adhuc
647 3639 730 3688 aetate
745 3630 931 3686 constitutus:
954 3648 990 3686 ex
1005 3648 1061 3702 quo
1074 3628 1144 3684 illud
1158 3627 1263 3685 dictum
1278 3636 1334 3694 est,

238 3709 322 3766 Prius
345 3729 426 3784 quam
451 3714 553 3768 noverit
575 3731 644 3785 puer
662 3711 758 3766 bonnm
782 3717 832 3766 out
854 3712 965 3773 malum.
987 3728 1040 3765 non
1060 3715 1141 3782 paret
1162 3709 1281 3770 οιοίίίία,
1304 3716 1333 3763 nt

237 3789 321 3861 eligat
336 3791 452 3846 bonnm:
474 3791 575 3864 quibus
588 3790 680 3847 verbis
701 3807 825 3864 prorsus,
840 3790 916 3862 quod
934 3789 982 3844 ille
999 3789 1105 3862 dequo
1119 3788 1214 3862 agitur
1227 3788 1333 3844 nullam

236 3867 371 3924 malitiam
385 3870 522 3943 attigerit,
537 3870 754 3927 demonstratur.
797 3868 855 3926 Sed
872 3867 1099 3926 excellentiorem
1119 3885 1231 3942 quoque
1245 3867 1332 3923 deno-

237 3945 430 4015 minationem,
446 3969 529 4023 qnam
543 3950 668 4007 hominis
683 3949 739 4006 ulla
752 3967 814 4005 esse
828 3949 919 4022 possit
932 3948 1093 4025 appellatio,
1107 3947 1278 4004 nanciscitur
1298 3947 1332 4010 is,

236 4024 284 4097 qui
299 4025 445 4084 nobiscnm
459 4041 503 4085 est
515 4029 611 4087 Deus:
634 4047 720 4104 quare
734 4029 847 4103 signum
868 4030 936 4085 item
956 4028 1032 4102 quod
1046 4028 1080 4084 de
1099 4026 1148 4083 illo
1162 4027 1254 4092 datur,
1265 4045 1332 4101 pro-

226 4104 397 4177 funditatem
411 4107 495 4163 simul
513 4107 617 4166 habere
634 4110 745 4174 dicitur,
760 4117 790 4165 et
809 4108 891 4165 simul
906 4109 1097 4166 altitudinem:
1118 4107 1334 4182 profunditatem

236 4181 349 4255 quidem
363 4193 479 4257 propter
493 4185 659 4244 descensum
674 4189 710 4244 ad
724 4188 865 4251 homines,
880 4188 1027 4244 autetiam
1050 4205 1138 4260 usque
1157 4187 1193 4243 ad
1212 4194 1335 4243 mortem

236 4277 399 4317 accessum
421 4265 594 4320 altitudinem
609 4285 676 4323 vero
698 4275 814 4342 propter
835 4268 989 4324 divinitatis
1010 4286 1027 4324 a
1042 4265 1234 4341 profunditate
1250 4265 1332 4321 resti-
