3144 4720
285 263 350 329 ττι
731 263 917 330 mussan
1363 257 1496 342 Μω-

283 427 408 527 μόδων
440 428 563 533 λόγον,
593 429 773 510 διδάσκων
802 427 894 508 κατὰ
922 427 1027 530 μέρος
1058 426 1194 505 ἕκαστα
1226 425 1380 527 ἀκριβῶς
1529 493 1530 563 χ

284 552 367 633 ὅθεν
398 553 626 658 ἀπάρχεσθαι
659 561 714 635 δεῖ
736 559 800 652 τῆς
828 561 901 633 τῶν
929 549 1069 657 χρόνων
1096 549 1417 653 ἀπαριθμήσεως,ιο
1529 591 1530 624 ι

284 682 343 759 καὶ
365 681 445 760 τίνα
467 679 559 760 κατὰ
585 677 668 764 τοὺς
695 673 933 780 δηλουμένους
956 675 1098 779 καιροὺς
1125 674 1378 774 ἀπανιήσεται.

244 830 277 879 44
285 806 391 906 Λέγει
420 807 449 884 δ
471 806 545 903 οὖν,
569 816 629 885 καὶ
654 806 764 962 χαίτῃ
792 812 852 884 καὶ
878 805 1021 895 τυιῆσεις
1050 800 1122 881 cirri
1149 795 1258 907 ἐξόδου
1282 803 1381 902 λόγον

284 969 337 1012 του
320 929 592 1084 οἰτοιιριθηνιιι,
621 939 681 1011 nai
709 967 763 1010 του
746 925 1033 1032 “oiuadopaiiaat
1037 923 1254 1033 Ιιριυσιιλῆμ,
1282 922 1377 1017 έβθο·

283 1051 433 1162 μέθες
420 1090 514 1135 επτιι
540 1093 600 1136 κιιι
591 1053 855 1158 έθθιμιίδιςέ
855 1047 1062 1160 gatairada,
1085 1087 1145 1131 ιιιιι
1171 1046 1400 1189 ι’πιττρέψει,

285 1216 346 1262 ιιιιι
334 1179 657 1289 οἰκοδομηθήσεται
681 1187 838 1261 πλατεῖα
862 1187 921 1261 nai
946 1213 1071 1274 τειχος.
1126 1173 1253 1255 Ἐν
1217 1209 1270 1258 οις
1291 1155 1416 1290 δοκεῖΡ5
1424 1206 1530 1294 339

282 1341 344 1406 μοι
363 1308 523 1391 καλῶς
499 1341 591 1411 εχειν
612 1310 671 1386 καὶ
695 1304 761 1404 τὴν
779 1339 842 1386 του
863 1339 935 1408 προ
964 1305 1066 1402 ἡμῶν
1087 1308 1135 1384 είς
1153 1334 1235 1384 τους
1253 1297 1381 1382 τόπους

284 1435 434 1535 θεωρίαν
450 1468 502 1533 μη
485 1431 814 1537 ἀποκρύψασθαι,
826 1435 1037 1531 παραθεῖναι
1054 1427 1167 1506 δέ
1110 1461 1170 1506 και
1186 1424 1319 1524 ταύτην
1335 1428 1382 1508 ὡς

285 1559 413 1637 οίκείαν
435 1566 508 1642 τοῖς
529 1556 797 1662 ἐντευξομένοις.
860 1551 960 1635 Karia
986 1560 1076 1655 γοῦν
1103 1558 1223 1635 καλῶς
1250 1552 1381 1654 ε’ίοηται

244 1681 332 1763 atria
351 1683 412 1764 τόν
435 1685 554 1789 φίλων.
619 1684 692 1760 Καὶ
716 1678 835 1779 ἐπειδὴ
859 1677 1034 1780 προσήκει
1060 1681 1294 1780 συγχρῆσθαι
1319 1675 1403 1774 μένε

285 1803 594 1908 εὖγνωμονοῦντας
621 1813 694 1890 τοῖς
721 1811 842 1887 καλῶς
871 1804 932 1909 ὑφ’
955 1802 1083 1904 ἑτέρων
1110 1799 1311 1902 εἰρημένοις,
1333 1799 1382 1898 μὴ

284 1929 357 2029 μὴν
374 1935 586 2034 ἀποστερεῖν
603 1929 686 2014 τοὺς
709 1931 863 2031 πατέρας
880 1933 952 2008 τῶν
977 1924 1145 2028 ἐγγόνων,
1162 1924 1213 2025 μὴ
1242 1925 1280 2005 δέ
1302 1922 1382 2008 τοὺς

285 2056 448 2159 πρώτους
475 2055 628 2163 Ιφύντας
659 2062 731 2136 τῶν
760 2055 895 2134 οἰκείων
926 2051 1154 2154 πεμμάτων,
1182 2049 1246 2133 τὰς
1275 2053 1381 2130 αὑτοῦ

245 2180 541 2284 46παραθήσομαι
575 2182 700 2286 λέξεις.
759 2178 933 2280 Φέρονται
961 2174 999 2254 δέ
1032 2176 1135 2255 αὗται
1161 2175 1381 2281 Ἀφρικανοῦ
1391 2207 1418 2241 10

284 2309 322 2385 ε’ν
346 2313 398 2412 τῷ
419 2307 571 2414 πέμπτῳ
593 2313 663 2386 τῶν
687 2308 982 2409 Χροναγραφιῶν,
1000 2310 1127 2381 τοῦτον
1148 2301 1297 2406 ἔχουσαι
1320 2299 1382 2380 τὸν

284 2429 432 2534 τρόπον·
490 2535 492 2542 Ι
1388 2439 1408 2502 b

334 2570 406 2639 “H
431 2570 490 2654 μὲν
514 2569 568 2642 οὖν
592 2571 753 2666 περικοπῆ
781 2567 867 2640 οίίτω
891 2600 958 2646 πως
982 2571 1106 2665 ἔχουσα
1129 2565 1246 2640 πολλά
1269 2598 1309 2638 τε
1330 2567 1380 2637 rai

256 2769 262 2780 ν
284 2681 459 2781 παράδοξα
482 2685 639 2767 σημαίνει·
666 2690 718 2755 νῦν
741 2681 775 2754 δὲ
797 2685 839 2753 ὥν
861 2683 956 2779 χρεία
974 2682 1070 2777 ”rapi
1086 2681 1162 2756 τοὺς
1179 2680 1316 2776 χρόνους
1331 2678 1382 2750 καί

326 2853 546 2928 Ιφντείισονπας]
565 2852 665 2925 φόνιος
679 2856 710 2909 Ρ.
854 2851 913 2908 t'H
927 2853 975 2923 μέν
988 2849 1047 2924 οὖν]
1064 2851 1128 2907 Vid.
1143 2851 1239 2924 Faclog.
1255 2851 1380 2924 Prophet.

284 2955 313 3007 p.
329 2951 395 3009 151,
404 2952 434 3009 9.
457 2935 557 2989 Rauth.
574 2935 641 2988 Reli.
657 2935 729 2990 Saea.
745 2935 783 2990 11.
797 2952 825 3007 p.
836 2931 906 3009 298.
990 2940 1006 2973 ¹¹
1020 2932 1080 3004 περί
1092 2952 1122 2986 τε
1135 2931 1191 2986 Eul.

285 3113 337 3168 per
351 3094 477 3169 singulas
491 3102 585 3168 partes
599 3094 712 3160 docens,
725 3094 800 3152 unde
814 3094 937 3168 incipere
947 3099 1077 3167 oporteat
1085 3111 1234 3150 numerare
1245 3100 1380 3167 tempora,

285 3181 315 3230 et
328 3173 462 3248 quidnam
476 3173 579 3230 talibus
593 3175 767 3248 temporibus
786 3183 953 3231 eventurum
969 3173 1015 3230 sit.
1060 3174 1099 3229 Et
1112 3191 1251 3246 cognosces
1265 3180 1292 3228 et
1305 3173 1382 3229 intel·

287 3255 352 3328 liqea
373 3252 408 3309 ab
431 3257 504 3310 exitu
526 3257 663 3318 samonis,
687 3263 720 3312 ut
744 3256 938 3329 respondeatur
964 3261 991 3309 et
1015 3253 1162 3326 edificetur
1187 3253 1380 3310 Hierusalem.-

286 3333 464 3392 hebdomadea
477 3341 585 3410 septem,
599 3342 626 3391 et
643 3335 816 3392 hebdomades
836 3332 980 3404 sexaginta
993 3335 1060 3398 dua,
1074 3339 1101 3389 et
1114 3340 1265 3389 revertetur
1278 3340 1306 3389 et
1319 3333 1382 3388 adi·

279 3415 411 3489 1γῖοαδὶιιιτ
433 3413 527 3490 platea
555 3421 581 3471 et
609 3433 711 3472 marus.
754 3415 825 3482 Quse
847 3431 915 3469 sane
936 3412 1024 3469 verba
1047 3420 1080 3469 ut
1102 3412 1220 3468 reddam
1245 3411 1382 3486 pleniora,

285 3495 402 3568 pulchre
425 3494 495 3550 mihi
519 3494 612 3552 officio
633 3495 748 3552 functus
770 3512 832 3550 esse
853 3492 980 3556 videbor,
1006 3492 1030 3548 si
1057 3491 1327 3548 commentationem
1352 3491 1382 3546 iu

285 3575 425 3648 ejusmodi
447 3574 526 3631 locos
545 3575 606 3648 ejus
626 3575 688 3638 viri,
707 3573 753 3649 qui
774 3581 840 3630 ante
861 3590 914 3628 noa
937 3572 1012 3629 idem
1034 3571 1158 3629 studium
1180 3571 1308 3635 coluerit.
1324 3589 1382 3627 nau

286 3655 473 3719 occultavero,
496 3654 546 3710 sed
574 3673 636 3711 eam
665 3671 775 3729 quoque
799 3670 967 3726 apposuero,
991 3659 1023 3708 ut
1046 3651 1261 3707 accommodata
1283 3651 1318 3707 iis
1336 3649 1383 3725 qui

285 3732 385 3790 lecturi
407 3735 464 3790 siut
477 3734 547 3790 haea.
590 3733 710 3790 Pulchre
725 3733 801 3789 enim
814 3732 885 3788 illud
900 3731 955 3788 dici
970 3731 1051 3795 solet,
1066 3749 1125 3804 qua
1142 3731 1290 3786 amicarum
1311 3737 1381 3796 ουιιι,

285 3831 318 3869 ea
331 3833 387 3871 aare
400 3815 569 3871 eommunia.-
586 3821 615 3870 et
629 3812 694 3888 quia
706 3813 748 3868 uti
762 3812 875 3886 quidem
890 3810 969 3884 quasi
983 3810 1179 3867 communibus
1194 3809 1328 3866 convenit
1340 3809 1383 3873 iis,

286 3911 348 3966 quae
362 3893 409 3948 alii
422 3893 510 3966 probe
525 3893 657 3957 dixerint,
673 3891 723 3948 sed
743 3892 784 3948 ita
802 3900 834 3948 nt
855 3908 1043 3966 agnoscamus
1063 3891 1207 3953 authores,
1223 3907 1314 3963 neque
1334 3900 1383 3944 aut

286 3989 337 4026 sua
351 3971 449 4027 sobole
462 3981 565 4045 patres,
581 3981 629 4029 aut
644 3991 702 4038 eos,
717 3971 764 4046 qui
784 3972 867 4046 primi
889 3970 1077 4035 conseveriut,
1091 3969 1212 4044 propriis
1229 3968 1383 4024 seminibus

285 4048 493 4115 defraudemus,
520 4051 595 4108 iliius
622 4052 709 4109 verba
734 4071 792 4108 uon
820 4050 961 4127 gravabor
986 4068 1135 4125 apponere
1186 4049 1230 4105 Eu
1253 4048 1384 4105 feruntur

285 4128 458 4200 Aphn'eani
451 4147 480 4184 m
495 4132 594 4203 quinto
609 4151 706 4189 eorum
728 4151 789 4205 quae
807 4132 842 4188 de
856 4131 1030 4204 temporibus
1049 4129 1170 4203 scripsit.
1186 4147 1248 4202 quae
1269 4127 1381 4202 quidem

284 4207 314 4260 in
329 4204 404 4260 huuc
418 4207 533 4262 modum
555 4210 819 4283 sehabeut21pra
841 4211 947 4284 quidem
963 4207 1231 4286 particulainquit,
1245 4207 1383 4282 quaesere

285 4284 323 4338 sic
336 4301 365 4338 se
378 4283 465 4346 tabet,
481 4291 538 4338 tam
551 4289 640 4341 malta
654 4295 710 4342 tum
725 4289 895 4345 admirabilia
909 4289 1064 4361 signifiat:
1086 4295 1205 4343 attamen
1219 4304 1291 4343 aaut
1304 4285 1369 4342 de''
1349 4301 1382 4340 ιιι
