3142 4720
268 252 333 318 568
744 247 928 313 EUSEBII
1342 269 1373 331 p.
1387 247 1511 310 282—

267 410 458 514 Ἑβραίους
475 411 656 504 εὐσεβείας
674 407 949 506 μεταστήσεται.
1009 412 1127 487 Τοῦτο
1155 407 1192 486 δὲ
1216 407 1367 486 ἔσεσθαί

268 543 384 640 φησιν
410 538 430 614 ὁ
454 534 585 637 Κύριος
603 535 646 612 δι’
667 534 792 612 ἑαυτοῦ
815 535 873 613 ἐπὶ
896 539 946 639 τῷ
971 537 1092 640 τοιῷδε
1118 530 1389 634 κατορθώματιο

243 662 358 764 επρὸς
385 671 449 741 τοῦ
475 662 610 763 πατρὸς
633 660 995 758 ἀποσταλησομέυοο.
1057 659 1161 739 Εἴποι
1189 661 1219 740 δ’
1239 659 1284 737 ἅν
1310 691 1364 740 τις

267 792 325 869 καὶ
350 789 478 889 νοηπός
502 821 599 872 τινας
623 793 680 866 καὶ
709 784 880 887 ἀοράτους
904 783 1068 884 δυνάμεις
1085 785 1169 883 ἔθνη
1194 792 1257 862 νῦν
1278 785 1361 861 ὀνο·

266 913 440 1017 μόζεσθαι
472 913 518 991 τὰ
549 911 804 993 σκυλεύσαντα
833 913 891 990 καὶ
924 909 1270 1015 αἱχραλωτεόσαντα
1300 907 1386 994 τᾶςε

266 1047 338 1120 τῶν
362 1040 560 1142 ἀνθρώπων
586 1037 721 1145 ψυχὰς,
740 1034 790 1116 ὧν
807 1043 939 1145 ψυχῶν
960 1038 1053 1117 οὕτω
1072 1040 1167 1143 φησὶ
1193 1037 1364 1135 κήδεσθαι

267 1169 287 1245 ό
306 1164 561 1271 φιλάνθρουτος
579 1173 643 1243 τοῦ
662 1169 758 1243 θεοῦ
777 1163 906 1265 Λόγος,
922 1161 1028 1243 ‘doec'
1042 1197 1095 1247 τις
1114 1164 1203 1247 ἰδίοις
1222 1165 1363 1269 ὀφθαλ-

265 1304 336 1392 μοῦ
360 1291 478 1397 κόρης·
509 1297 568 1372 καὶ
593 1298 721 1394 δεῖγμα
743 1297 807 1392 τῆς
825 1296 971 1372 τοιᾶσδε
994 1295 1103 1373 αότοῦ
1128 1296 1208 1395 περὶ
1231 1290 1273 1372 τὸ
1291 1299 1363 1371 τῶν

266 1418 464 1522 ἀνθρώπων
493 1417 595 1521 γένος
624 1421 841 1517 κηδεμονίας,
869 1417 912 1497 τὸ
944 1417 994 1517 μὴ
1023 1420 1052 1496 d
1077 1420 1362 1498 tirroorellaoliat
1376 1456 1404 1489 ιο

266 1543 384 1643 αὐτὸν,
403 1550 499 1624 θεοῦ
519 1544 640 1646 Λόγον
658 1543 745 1624 ὄντα
764 1549 821 1624 καὶ
842 1547 880 1624 ἐν
898 1543 988 1651 δόξῃ
1006 1550 1051 1647 τῇ
1068 1542 1168 1646 παρὰ
1186 1551 1237 1651 τῷ
1254 1548 1394 1645 πατρὶά

266 1669 499 1775 τυγχάνοντα,
518 1668 584 1769 τὴν
609 1675 657 1752 εὶς
675 1670 883 1773 ἀνθρώπους
907 1671 1093 1769 ἐπιδημίαν
1119 1703 1158 1749 τε
1182 1673 1240 1748 καὶ
1265 1675 1359 1748 οἰκο-

267 1797 392 1894 νομῖαν
410 1795 663 1900 ἀναδέξασθαι.

673 1977 739 2051 lind
766 1987 826 2050 roi
850 1977 959 2051 airoi.

183 2115 194 2166 Ι
204 2112 228 2192 7
318 2099 454 2197 Τέρπου
476 2101 528 2171 καὶ
550 2103 732 2198 εὐφραίνου,
751 2105 897 2199 θύγατερ
916 2103 1011 2186 Σιὼν,
1030 2103 1114 2175 διότι
1133 2102 1201 2174 idei
1224 2105 1289 2197 ἐγὼ
1311 2105 1364 2202 ἔρ·
1372 2122 1404 2187 P·
1417 2103 1485 2188 283

102 2199 229 2257 'oradrdr

102 2278 224 2352 thlpwt
408 2333 417 2359 γ
764 2331 775 2356 s
817 2335 825 2357 ς
854 2333 863 2358 κ
923 2331 932 2357 t
1025 2333 1033 2360 ι
1139 2336 1148 2359 s
1219 2340 1234 2358 ι-
1268 2339 1277 2362 r
1312 2336 1321 2362 ι

103 2360 172 2430 γεω,
181 2360 225 2415 ορ.
266 2329 529 2428 κατοφευξοντοι
559 2333 633 2414 ἔθνη
663 2340 779 2403 πολλα
810 2364 864 2402 επι
893 2365 953 2404 πον
979 2333 1103 2428 Kopion
1132 2365 1164 2404 eu
1189 2367 1231 2428 τῃ
1261 2366 1362 2431 ημερᾳ

266 2246 380 2313 χομοι,
406 2217 459 2286 καὶ
487 2220 725 2299 raras-xanaiae
752 2218 785 2287 ἕν
810 2218 900 2306 μέσῳ
929 2225 1000 2300 σοῦ,
1025 2219 1118 2310 λέγει
1150 2219 1284 2315 Κύριος,
1311 2221 1363 2291 καὶ

101 2440 216 2576 effi?
266 2447 375 2539 ἐκείνῃ,
391 2447 443 2516 καὶ
459 2448 591 2517 ἔσονται
610 2447 698 2536 edrai
713 2448 756 2523 eia
772 2445 865 2530 λαὸν,
879 2448 930 2517 καὶ
948 2451 1209 2530 ἕκατασκηνόσιο
1226 2451 1258 2519 ἕν
1273 2451 1388 2538 μέσῳὸ

103 2543 221 2672 epdiun·
266 2566 339 2644 σοῦ,
359 2562 411 2630 καὶ
437 2564 546 2654 γνώσῃ
573 2560 627 2632 ὅτι
654 2559 777 2656 Κόριος
803 2557 1044 2657 παντοκράτωρ
1069 2561 1299 2655 ἔξαπέσταλκέ
1322 2594 1364 2645 με

102 2701 229 2750 ‘th-
266 2676 350 2770 πρός
366 2708 416 2748 σε.

306 2842 365 2904 fta
378 2845 403 2902 ri
414 2870 454 2904 τις
469 2848 496 2902 S.
634 2849 868 2922 Εκοτοσκηνῶσυ]
885 2853 1130 2920 κατασκηνώσουσιν
1145 2851 1173 2905 S.
1188 2869 1249 2906 oum
1263 2851 1360 2922 interp.

265 2929 344 2984 etsie
358 2928 453 3000 Eclp.
472 2945 535 2992 iar,
550 2945 596 3002 13·
648 2931 649 2934 ’

266 3079 414 3136 Hebraicae
435 3078 581 3154 religionis
594 3080 785 3139 traducentur.
830 3081 895 3138 Hoc
912 3092 1005 3139 autem
1022 3081 1147 3138 futurum
1166 3082 1207 3138 sit
1220 3081 1362 3139 Dominus

266 3177 317 3233 per
331 3159 463 3233 seipsum,
478 3160 524 3233 qui
544 3160 580 3216 ad
597 3160 653 3218 tale
670 3179 773 3218 munus
793 3162 984 3236 prestandum
1006 3170 1120 3236 epatre
1140 3163 1295 3220 mittendus
1316 3166 1361 3220 sit.

266 3239 408 3295 Caeterum
436 3239 539 3295 dixerit
563 3239 662 3315 aliquis
684 3241 770 3298 etiam
791 3241 982 3316 intelligibiles
1002 3243 1136 3316 quasdam
1159 3253 1189 3300 et
1208 3243 1362 3301 invisibiles

265 3326 421 3392 potestates
453 3327 554 3393 gentes
584 3339 660 3378 nuno
691 3322 840 3390 nominari,
874 3341 936 3396 quae
970 3321 1152 3396 spoliaverint
1182 3325 1361 3398 captivasque

265 3398 413 3455 bominum
427 3399 535 3456 animas
549 3401 669 3475 egerint.
685 3421 803 3476 quarum
817 3402 974 3459 animarum
995 3401 1080 3459 telem
1098 3421 1128 3459 se
1145 3421 1240 3460 curam
1262 3422 1362 3478 gerere

265 3479 306 3537 ait
319 3479 569 3538 clementissimum
585 3481 641 3538 Dei
655 3482 791 3547 Verbum,
808 3482 919 3557 qualem
940 3483 1130 3557 unusquisque
1151 3483 1224 3540 oculi
1245 3484 1289 3540 sui
1308 3503 1359 3558 pu·

265 3560 338 3635 pillos
362 3562 446 3637 gerit.
471 3562 551 3636 eujus
578 3562 736 3620 sedulitatis
764 3572 848 3637 atque
875 3563 979 3620 amoris
1003 3581 1073 3638 erga
1096 3563 1241 3620 hominum
1269 3582 1361 3638 genus

265 3641 379 3717 signum
393 3642 461 3698 illud
476 3643 540 3707 erit,
555 3642 630 3716 quod
649 3662 735 3716 quum
751 3642 806 3699 Dei
821 3642 947 3700 Verbum
969 3652 1044 3699 esset
1062 3653 1091 3700 et
1110 3662 1161 3700 sua
1176 3642 1268 3718 gloria
1286 3644 1360 3718 apud

265 3731 374 3795 patrem
399 3722 546 3788 frueretur,
573 3741 630 3779 nou
654 3723 778 3798 piguerit
801 3722 892 3796 ipsum
914 3721 1045 3780 veniendi
1064 3724 1100 3779 ad
1124 3723 1253 3781 homines
1277 3733 1361 3798 atque

264 3799 340 3857 inter
352 3820 402 3857 eos
416 3802 546 3859 versandi
561 3821 657 3862 eurem
672 3802 967 3878 dispensationemque
983 3803 1133 3876 suscipere.

731 3965 770 4002 An
784 3965 898 4004 EODEM·

178 4045 226 4124 17
310 4050 406 4107 Gaude
424 4061 450 4107 et
468 4053 641 4126 letarefilia
663 4053 739 4118 Sion,
755 4056 880 4126 qzeoaiom
899 4071 958 4110 ecee
974 4071 1022 4128 eqo
1042 4052 1130 4120 venio,
1145 4063 1171 4111 et
1191 4054 1315 4111 habitabo
1336 4058 1363 4112 ἐκ

101 4128 230 4225 ww·
265 4130 352 4185 media
365 4133 417 4197 tui,
432 4133 499 4187 dicit
515 4133 656 4196 Dominus,
672 4140 699 4188 et
720 4131 878 4208 confugient
896 4140 989 4204 gemes
1007 4136 1099 4190 rnaltoe
1112 4137 1148 4190 ad
1163 4135 1314 4190 Dominum
1335 4139 1363 4191 ir

103 4225 204 4263 uomina·
266 4207 308 4263 die
322 4209 381 4272 illa,
397 4217 424 4264 et
437 4217 517 4266 erum
530 4211 555 4264 ei
568 4213 596 4264 ia
605 4214 748 4285 populum,
762 4221 789 4267 et
804 4213 961 4270 babitabant
976 4216 1004 4268 iu
1020 4217 1105 4269 aredio
1119 4217 1169 4279 tui,
1184 4223 1211 4270 et
1224 4233 1365 4286 cognosces

102 4275 223 4370 ζξξξᾞ,
266 4287 340 4358 qnod
353 4287 493 4344 Dominus
506 4289 671 4359 omnipotens
685 4291 759 4346 misit
774 4310 816 4348 me
829 4295 866 4348 ad
880 4300 914 4348 te.
951 4291 1027 4358 Quia
1040 4311 1115 4348 nune
1128 4295 1304 4367 propositum
1319 4303 1364 4352 est
