3120 4716
260 255 325 320 auo
709 256 895 322 uuonan
1337 273 1503 339 μιμ-

261 422 370 524 ὅνπερ
397 423 493 528 αὐτῷ
519 423 722 525 προύτεινεν
750 426 771 502 ὁ
797 421 970 526 πειράζων
999 420 1091 502 κατὰ
1118 421 1161 502 τὸ
1187 421 1280 525 ἱερὸν
1306 423 1365 502 eri·

260 547 458 651 αγγέλιον;

240 703 253 754 7
317 677 373 756 Τὸ
392 679 421 755 δ’
442 675 553 754 α’ίτιον
572 685 635 756 τοῦ
652 673 880 777 πειράζεσθαι
901 675 964 756 τὸν
981 683 1192 776 τηλικοῦτον
1211 679 1365 778 Σωτῆρα

261 803 362 900 ἡμῶν
385 807 571 900 σκοπῆσαι
596 802 709 908 ἄξιον.
771 800 936 881 Μέλλων
961 801 1005 908 ἐξ
1021 803 1220 904 ἀνθρώπων
1237 807 1390 882 rivaus

263 928 372 1007 νόσον
391 933 448 1006 καὶ
466 935 591 1008 πᾶσαν
609 928 790 1026 μαλακίαν
807 928 854 1008 τά
875 963 913 1008 τε
939 931 1156 1032 ἐνοχλοῦντα
1180 929 1366 1025 πνεύματα

262 1059 320 1134 καὶ
338 1052 418 1136 τοὺς
437 1055 656 1158 ἀκαθάρτους
674 1057 843 1152 δαίμονας
860 1055 902 1160 ἐξ
919 1061 1044 1140 αἰῶνος
1058 1063 1196 1159 μακροῦ
1213 1061 1286 1134 τῶν
1303 1058 1363 1134 ἐπὶ

262 1187 329 1284 γῆς
354 1181 499 1263 πάντων
524 1182 582 1262 διὰ
606 1187 669 1281 τῆς
693 1183 872 1262 πολυθέου
897 1183 1170 1280 δεισιδαιμονίας
1188 1215 1362 1282 κεκρατη-

264 1307 369 1393 κότας
388 1309 557 1405 ἐλαύνειν,
577 1311 640 1388 οὐκ
664 1312 702 1387 ἐκ
727 1316 791 1386 τοῦ
814 1312 973 1412 ἀφανοῦς
1001 1305 1126 1410 ὥσπερ
1145 1304 1359 1409 ἐπικρνπτό·
1378 1344 1410 1378 ιο

263 1469 368 1532 μενος
401 1439 456 1515 ἐπὶ
490 1434 536 1514 τὰ
567 1435 730 1536 εἰρημένα
761 1431 899 1536 παρῄει,
928 1441 1001 1517 τοῖς
1028 1441 1294 1536 παρενοχλοῦσι
1325 1433 1366 1513 δέ

263 1561 435 1664 πρότερον
459 1561 621 1665 ἀοράτοις
646 1559 799 1664 ἄρχουσι
824 1562 866 1639 δι’
887 1561 929 1638 οὗ
954 1561 1146 1664 ἀνείληφεν
1174 1559 1396 1661 ἁνθριύπουῑι

262 1688 552 1790 ἐπιστρατεύσας,
575 1691 633 1767 καὶ
662 1695 709 1772 εἰς
736 1687 849 1783 μέσον
876 1688 985 1766 αὐτοῦ
1012 1695 1076 1766 τοῦ
1104 1687 1278 1781 διαβόλου
1305 1687 1366 1766 καὶ

261 1813 395 1896 παντὸς
425 1823 487 1893 τοῦ
519 1819 722 1912 δαιμονικοῦ
752 1815 906 1918 στίφους
937 1811 1139 1914 παρελθὼν,
1167 1812 1294 1908 ἐπιβάς
1323 1847 1364 1892 τε

263 1941 389 2018 ἀσπίδι
419 1944 477 2018 καὶ
504 1942 741 2046 'wintorp
770 1943 828 2020 καὶ
859 1939 1116 2038 καταπατήσας
1148 1940 1277 2018 λέοντα
1306 1944 1389 2018 xoris

262 2063 448 2166 ciprianum,
467 2069 525 2146 καὶ
549 2066 646 2145 πολῦ
670 2066 845 2168 πρότερον
869 2063 1030 2144 καθελὼν
1050 2071 1123 2143 τῶν
1146 2067 1367 2168 ἆρχοντικῶν

262 2193 400 2293 ἐχθρῶν
425 2190 589 2294 χιλιάδας
615 2193 673 2270 καὶ
699 2190 882 2293 μυριάδας,
900 2188 964 2273 τὰς
986 2188 1050 2286 μὲν
1076 2191 1115 2268 ἐκ
1141 2196 1213 2268 τῶν
1239 2191 1368 2296 δεξιῶν

263 2316 327 2399 τὰς
360 2317 397 2396 δέ
428 2320 467 2395 ἐκ
498 2323 570 2396 τῶν
601 2317 789 2415 εὐωνύμων
820 2314 1062 2415 πολεμούσας,
1090 2315 1203 2419 ἀρχάς
1236 2351 1275 2395 τε
1307 2321 1367 2395 καὶ

261 2442 436 2548 ἐξουσίας,
455 2443 513 2521 καὶ
535 2441 578 2541 δὴ
603 2446 662 2522 καὶ
683 2442 765 2526 τοὺς
784 2443 997 2544 λεγομένους
1018 2439 1291 2549 κοσμοκράτορας
1311 2445 1368 2522 τοῦ
1378 2478 1411 2513 ιο

262 2570 399 2653 σκύτους
417 2567 538 2658 wirot),
559 2569 605 2648 Ταῦ
625 2605 660 2649 ΤΞ
683 2567 901 2672 vituperante&
918 2566 976 2659 Τῆς
994 2571 1158 2676 wilia&
1177 2567 1296 2646 πάθῒα
1321 2567 1367 2666 δὴ

262 2695 325 2772 οῦν
341 2692 513 2774 ταῦτατὸ
531 2693 642 2794 μηθέν
661 2692 798 2797 ίσχύειν
817 2692 1030 2798 ἀπελέγξας,
1050 2696 1108 2771 καὶ
1133 2689 1238 2776 τέλος
1256 2691 1393 2772 airino

684 2871 869 2935 ι’βασιλίσιισν
884 2871 948 2925 P.S.

264 3023 412 3078 liberatum
435 3024 469 3079 iri
488 3042 552 3079 eum
570 3023 647 3085 dicit,
663 3022 813 3079 sedetiam
831 3022 866 3078 ab
885 3022 1012 3078 oratione
1027 3021 1199 3078 turbulenta.
1241 3019 1366 3078 atvero

265 3121 327 3174 quoe
341 3103 455 3158 tandem
471 3103 532 3158 haec
545 3102 773 3164 triturationis
788 3121 872 3177 quom
886 3103 925 3159 illi
940 3101 1187 3175 objecittentator,
1199 3101 1273 3157 utin
1285 3119 1366 3158 sacro

265 3182 413 3256 evangelio
428 3183 564 3256 scripturn
579 3185 644 3239 est?

307 3262 409 3337 Operae
431 3273 525 3320 sutem
544 3263 666 3338 pretium
686 3271 731 3319 est
744 3261 942 3338 contemplari,
957 3281 1019 3335 quae
1041 3279 1127 3318 cansa
1147 3260 1231 3317 fuerit
1252 3269 1284 3318 ut
1302 3259 1366 3318 Sal·

265 3351 350 3401 vator
372 3353 478 3409 noster,
504 3344 551 3417 qui
578 3344 642 3399 talis
671 3351 822 3417 tantusque
849 3351 901 3408 est,
925 3342 1113 3398 tentationem
1140 3359 1291 3416 perpessus
1318 3341 1366 3398 sit.

266 3425 362 3493 Quum
384 3424 471 3498 igitur
495 3443 608 3480 omnem
633 3443 667 3480 ex
695 3424 858 3480 hominibus
885 3422 1082 3498 {egritudinem
1109 3439 1279 3495 omnemque
1306 3421 1368 3477 lun-

266 3524 385 3579 guorem
410 3505 583 3579 infestosque
605 3504 720 3578 spiritus
743 3513 827 3578 atque
845 3503 971 3578 impuros
992 3503 1147 3566 doemonas,
1170 3502 1218 3575 qui
1239 3501 1369 3575 plurimis

266 3593 332 3642 ante
347 3585 457 3641 eoeculis
471 3603 569 3640 omnes
584 3585 631 3658 qui
650 3585 680 3640 in
694 3593 770 3642 terre
782 3584 967 3641 versabantur
986 3601 1038 3660 per
1056 3601 1119 3639 eam
1137 3582 1369 3656 superstitionem

267 3683 330 3738 quea
350 3666 455 3722 multos
470 3665 550 3722 Deos
566 3665 634 3721 oolit
653 3665 833 3738 subegerant,
849 3671 924 3720 esset
942 3663 1121 3736 expulsurus,
1135 3681 1193 3717 non
1214 3681 1248 3718 ex
1269 3661 1370 3718 abdito

268 3745 347 3819 quasi
367 3745 482 3801 latitans
503 3745 541 3800 ad
562 3763 596 3800 ea
617 3763 679 3818 quae
704 3744 780 3800 diota
803 3752 870 3799 eunt
893 3742 1021 3808 accessit,
1047 3741 1098 3798 sed
1122 3751 1222 3798 eontra
1247 3741 1369 3799 infestos

267 3826 344 3899 prius
371 3825 541 3899 eosdemque
568 3823 721 3880 invisibiles
752 3823 892 3897 principes
922 3840 973 3896 per
999 3840 1074 3887 eum,
1102 3839 1186 3895 quem
1213 3821 1368 3895 assumpsit

266 3905 421 3973 hominem,
437 3905 616 3961 militantium
638 3921 716 3960 more
737 3903 889 3977 profectus,
910 3911 940 3960 et
958 3903 986 3958 iu
1007 3902 1095 3976 ipsius
1116 3901 1220 3958 diaboli
1241 3902 1368 3958 medium

267 3985 414 4059 omnisque
436 3985 599 4042 daemonicus
619 3993 739 4041 catervae
756 4001 933 4058 progressus,
948 3982 996 4038 ubi
1010 4000 1094 4056 super
1107 3980 1233 4055 aspidem
1248 3990 1278 4038 et
1290 3981 1366 4038 basi-

266 4062 367 4119 liscum
394 4065 556 4130 ambulavit,
579 4073 608 4122 et
631 4063 808 4121 conculcavit
834 4064 945 4122 leonem
974 4071 1005 4120 et
1030 4063 1192 4125 draconem,
1222 4061 1369 4135 multoque

267 4141 344 4213 prius
371 4143 552 4215 regnantium
578 4143 756 4200 inimicorum
783 4153 813 4200 et
839 4143 927 4200 millia
954 4150 984 4199 et
1008 4141 1082 4198 deun
1108 4141 1195 4198 millia
1218 4141 1368 4209 subuertit,

268 4218 440 4291 principatus
454 4219 585 4276 videlicet
605 4241 638 4277 ac
659 4231 824 4294 potestates,
839 4225 908 4280 alias
922 4222 1035 4296 quidem
1055 4241 1072 4278 a
1090 4221 1198 4278 dextris
1217 4221 1285 4278 alias
1298 4239 1369 4277 vero

106 4315 159 4363 apa.
170 4315 188 4364 ι,
201 4327 229 4357 η.
268 4315 285 4350 a
298 4294 417 4350 sinistris
430 4296 576 4362 bellantes,
588 4300 710 4372 itemque
720 4319 778 4370 eos,
789 4303 836 4375 qui
847 4305 941 4359 muudi
951 4310 1069 4358 rectores
1083 4301 1177 4358 lurum
1194 4302 1367 4358 tenebrarum
