3132 4714
258 231 323 296 626
706 231 891 296 EUSEBII
1333 247 1499 313 p.314-

257 397 379 494 μάτων
398 398 531 481 ἐννοίας
549 398 814 497 ἐπιλαβόμεθα,
827 398 891 477 τὸν
910 398 993 496 ἡμῖν
1007 401 1167 498 συγγενῆ
1187 399 1245 474 καί
1264 395 1356 496 γνιό-

257 553 362 620 ριμον
384 519 559 630 [ἰλόγον]
587 519 692 606 αὐτὸς
718 525 738 601 ὁ
767 522 861 605 Θεὸς
887 520 1007 622 Λόγος
1034 519 1270 618 ἀνελάμβανε,
1298 520 1357 598 καί

257 647 375 726 πάντα
404 657 466 749 ’γε
498 649 540 727 δι’
570 647 679 726 αὐτοῦ
710 647 757 726 τά
788 646 950 750 σωτήρια
981 654 1055 732 τοῖς
1085 642 1268 744 αι’τιηκόοις
1297 648 1355 724 καί
1368 669 1397 703 ¹⁰

257 771 447 856 mirmiram
471 779 543 853 τῶν
561 773 688 853 ἐνθέων
706 775 814 854 αὐτοῦ
840 774 961 876 λόγων
980 807 1018 852 τε
1043 777 1102 852 καί
1127 772 1243 874 ἔργων
1260 776 1385 874 προ-ἰ)

218 897 444 990 τιεβάλλετο.
506 903 577 977 Καὶ
596 901 692 978 ταῦτ’
714 899 866 1001 ἔπραττε
890 906 968 982 ταῖς
991 906 1056 977 τοῦ
1080 900 1248 995 σώματος
1266 895 1353 976 ἀνά·

256 1055 359 1124 γκαις
383 1024 511 1123 ὁμοίως
535 1025 620 1123 ἡμῖν
643 1025 806 1123 οὐδαμῶς
832 1022 1173 1122 καταδεσμοιίμενος,
1191 1020 1298 1100 11οιίδέ
1320 1055 1355 1100 τι

255 1153 373 1250 χεῖρον
399 1144 423 1245 ἢ
450 1148 567 1250 μεῖζον
588 1145 693 1232 αὐτὸς
722 1149 848 1228 ἑαυτοῦ
875 1152 939 1246 τῆς
973 1145 1138 1245 θεότητος
1160 1145 1354 1243 ὑπομένων,

255 1271 327 1350 οὐδ
347 1273 458 1354 οὕτως
477 1269 549 1350 ὀἶα
576 1270 766 1374 ἀνθρώπου
793 1270 897 1378 ψυχὴ
925 1277 977 1376 τῷ
1003 1270 1146 1368 σώματι
1164 1269 1375 1370 kardorique-⁵

255 1428 315 1479 νος
342 1397 390 1478 ὡς
414 1394 464 1494 μὴ
488 1398 640 1496 ἐνεργεῖν
668 1395 843 1475 δύνασθαι
871 1394 917 1475 τά
944 1401 1031 1492 θεῖα,
1054 1393 1104 1495 μὴ
1127 1393 1164 1476 δὲ
1188 1400 1356 1500 πανταχῆ

254 1527 417 1622 παρεῖναι
430 1525 526 1600 Θεοῦ
542 1517 665 1620 Λόγον
678 1518 775 1616 ὅντα,
790 1523 848 1600 καὶ
865 1517 912 1599 τά
929 1517 1049 1601 πάντα
1065 1529 1284 1622 πληροῦντα,
1297 1522 1355 1599 καί

256 1641 316 1721 did
332 1643 477 1723 πάντων
489 1644 633 1742 ἥκοντα·
655 1645 739 1722 ἀλλ’
754 1643 834 1724 οὐδὲ
850 1645 964 1748 poros
979 1643 1002 1744 ἢ
1017 1643 1195 1750 φθοράνῆ
1213 1646 1356 1743 μἀσμα

255 1768 299 1874 ἐξ
321 1768 365 1868 ἧς
383 1770 554 1874 ἀνείληφε
573 1766 708 1872 σαρκὸς
726 1769 1008 1869 ἐπενηνεγμένος,
1027 1769 1082 1848 ὅτι
1099 1768 1144 1866 δὴ
1162 1770 1355 1869 ἀσώματος

255 1888 306 1970 ἀν
324 1889 389 1988 τὴν
407 1890 521 1996 φύσιν
538 1895 597 1971 καὶ
622 1892 734 1976 ἀϋλος
761 1894 820 1971 καί
845 1891 1015 1995 ἀσαμκος,
1034 1891 1090 1972 οἶοι
1108 1897 1204 1972 Θεοῦ
1223 1891 1354 1992 Λόγος,
1367 1922 1398 1955 ¹⁰

255 2016 362 2120 ε’νθείρ
386 2014 530 2109 δυνάμει
557 2019 615 2095 καί
646 2015 769 2118 λόγοις
796 2017 880 2114 ἡμῖν
908 2014 1071 2119 ἀρρήτοις
1099 2022 1225 2096 πᾶσαν
1253 2015 1381 2120 ἀνῄειν

256 2135 322 2236 τὴν
346 2142 558 2237 οἰκονομίαν,
576 2147 649 2219 τῶν
674 2143 810 2221 οἰκείων
830 2139 1047 2238 μεταδιδοὺς,
1073 2141 1157 2219 ἀλλ’
1179 2141 1242 2218 οὐκ
1266 2143 1351 2218 ἀντ-

217 2263 474 2365 ιτετογόμενος
492 2271 564 2344 τῶν
582 2267 797 2367 ἀλλοτρίων.
854 2268 998 2348 Οὐκοῦν
1016 2299 1051 2346 τι
1069 2272 1265 2371 φοβεῖσθαι
1284 2261 1355 2368 χρὴ

256 2387 321 2488 τὴν
339 2387 514 2492 ἕνσαρκον
532 2391 742 2490 οἰκονομίαν,
761 2393 835 2472 ἐπεὶ
859 2391 909 2492 μὴ
932 2394 1123 2491 ε’μολύνετο
1151 2394 1171 2471 ό
1199 2390 1355 2488 ἀμόλον-

253 2547 326 2610 τος,
344 2512 394 2613 μὴ
422 2513 460 2592 δὲ
487 2517 525 2593 ἐκ
552 2519 616 2614 τῆς
641 2515 777 2616 σαρκὸς
806 2519 825 2594 ὁ
854 2519 1021 2613 ἀμίαντος
1049 2515 1231 2613 ἐμιαίνετο,
1249 2513 1299 2614 μὴ
1318 2514 1378 2594 ses

296 2678 401 2756 Ῑλόγον
414 2701 469 2738 om.
485 2683 547 2739 RS.
569 2683 664 2756 Neque
678 2684 772 2739 babuit
785 2684 925 2756 interpres·
995 2693 1054 2740 su
1068 2683 1098 2737 P.
1168 2678 1309 2737 hota’sn
1323 2682 1355 2738 P.

257 2758 344 2822 idad*
359 2760 413 2836 οἶα]
430 2762 495 2819 οἶσθ
509 2781 564 2820 om.
581 2765 611 2818 P.
694 2761 1038 2834 ιττεδοάμενος-πανταχῆ
1053 2763 1115 2818 add.
1132 2763 1161 2816 P.

256 2908 387 2964 notiones
407 2926 580 2982 caperemus,
599 2925 664 2965 eum
685 2908 732 2982 qui
754 2907 836 2965 nobis
857 2917 887 2966 et
906 2915 1046 2982 cognatus
1065 2905 1260 2964 etfamiliaris
1280 2917 1356 2964 esset

256 2987 317 3061 ipse
331 2987 408 3044 Deus
424 2987 549 3044 Verbum
570 2988 732 3063 assumpsit,
747 2987 897 3062 omniaque
918 3006 969 3062 per
989 2987 1068 3044 illum
1087 3005 1261 3061 quascunque
1280 2987 1354 3044 selu·

257 3066 331 3122 tario
351 3074 455 3131 assent,
481 3067 524 3132 iis,
546 3067 594 3142 qui
615 3067 669 3143 ipsi
692 3068 844 3126 audiebant
867 3067 975 3142 ipsique
999 3067 1134 3130 fidebant.
1160 3075 1220 3124 tam
1242 3085 1304 3142 quae
1325 3067 1355 3123 in

258 3145 359 3202 divinis
372 3145 441 3220 ipsis
455 3147 547 3204 verbis
567 3166 650 3222 quam
671 3167 732 3222 qua
747 3149 776 3204 in
789 3147 871 3204 fectis
886 3147 1082 3211 consisterent.
1098 3147 1235 3221 exposuit.
1257 3145 1355 3221 Atque

257 3226 319 3282 haec
343 3225 437 3282 omnia
458 3227 673 3292 administravit.
697 3246 834 3303 nusquam
856 3236 888 3285 ut
912 3245 965 3283 nos
988 3227 1073 3284 simili
1093 3227 1203 3284 ratione
1228 3227 1355 3302 corporis

258 3306 472 3363 necessitatibus
493 3307 627 3382 illigatus,
648 3326 741 3381 neque
762 3309 822 3383 ipse
843 3307 994 3382 quidquam
1013 3314 1063 3363 aut
1083 3306 1206 3364 deterius
1224 3316 1274 3363 snt
1294 3325 1353 3363 am-

256 3385 330 3461 plius
344 3404 395 3443 sna
408 3385 495 3462 ipsius
513 3387 660 3445 divinitate
681 3389 850 3462 perpetiens,
864 3405 955 3462 neque
968 3405 1036 3443 vero
1057 3394 1089 3444 ut
1106 3387 1201 3443 anima
1221 3386 1354 3450 hominis.

256 3465 297 3523 ita
316 3464 376 3541 ipse
390 3467 440 3524 tali
454 3485 572 3542 corpore
587 3467 740 3542 impeditus
759 3477 791 3524 ut
809 3466 905 3524 divina
924 3467 1037 3524 interim
1058 3485 1175 3524 munera
1196 3467 1275 3523 obire
1295 3485 1355 3522 non

256 3555 363 3621 posset,
378 3556 427 3605 aut
440 3547 541 3622 ubique
555 3547 664 3614 adesse,
679 3548 725 3622 qui
741 3547 795 3604 Dei
810 3547 935 3604 Verbum
951 3554 1005 3615 est,
1020 3547 1169 3621 omniaque
1183 3546 1292 3620 implet,
1305 3565 1356 3620 per

256 3629 352 3684 omnia
372 3637 511 3703 penetrat,
527 3646 618 3702 neque
639 3628 706 3684 item
728 3635 777 3684 aut
791 3627 921 3684 sordibus
944 3627 1017 3690 ullis,
1033 3635 1082 3683 ant
1102 3626 1291 3700 corruptione,
1307 3635 1356 3683 aut

256 3707 393 3772 sedium,
408 3726 445 3765 ex
464 3727 498 3765 eo
519 3725 637 3784 corpore
659 3706 734 3782 quod
755 3708 907 3781 assumpsit
923 3707 1093 3781 inquinatus.
1110 3714 1259 3782 propterea
1278 3705 1356 3779 quod

257 3805 343 3860 quum
357 3787 418 3861 ipse
432 3796 533 3844 natura
546 3787 583 3844 sit
597 3805 698 3862 expers
712 3794 742 3844 et
755 3787 890 3861 corporis,
905 3796 936 3845 et
949 3786 1053 3853 carnis,
1069 3795 1099 3844 et
1112 3786 1205 3842 omnis
1218 3786 1354 3849 materia,

257 3875 392 3940 tanquam
406 3867 460 3924 Dei
474 3868 610 3932 Verbum,
625 3867 719 3923 divina
740 3867 860 3939 quadam
874 3867 978 3924 uirtute
997 3866 1209 3940 rationibusque
1227 3865 1355 3922 ineffabi-

257 3945 333 4002 libus
354 3964 468 4003 omuem
489 3947 622 4004 sustinuit
641 3947 889 4020 dispensationem,
910 3965 972 4021 qua·
993 3965 1045 4003 sna
1063 3953 1158 4002 essent
1180 3945 1353 4022 impertiens.

259 4032 430 4082 nouantem
454 4035 555 4082 contro
574 4027 628 4083 sibi
649 4025 802 4084 vendicans
824 4034 873 4083 aut
894 4044 1032 4100 usurpans
1049 4045 1111 4100 quse
1132 4023 1232 4082 aliena
1276 4025 1355 4099 Ergo

259 4121 310 4159 our
333 4105 373 4160 ita
394 4103 468 4160 hano
486 4105 560 4161 illius
582 4106 611 4162 in
636 4124 754 4180 corpore
777 4105 1015 4180 dispensationem
1037 4105 1189 4162 formidare
1210 4121 1281 4178 opus
1300 4112 1354 4171 est,

260 4182 373 4255 quando
387 4200 478 4256 neque
491 4183 612 4240 foedntns
627 4192 671 4241 est
690 4185 714 4241 is
733 4186 780 4258 qui
795 4185 893 4242 ioedsri
908 4203 965 4241 non
984 4192 1086 4259 potest,
1101 4203 1193 4258 neque
1214 4201 1249 4240 ex
1270 4201 1356 4240 carne

260 4269 405 4332 assumpta
427 4260 588 4332 inquinatus
613 4264 660 4334 qui
686 4283 744 4319 nou
764 4272 859 4336 potest
880 4265 1029 4337 inquinsri.
1047 4283 1138 4338 neque
1155 4281 1223 4320 vero
1243 4263 1356 4337 proprie
