3120 4716
255 219 319 282 aaa
720 211 906 277 ansnnn
1331 219 1499 290 pm·-

219 411 362 456 ιοσατο.
421 375 513 456 Τότε
541 377 607 474 ιοὖν
636 377 656 453 ὁ
688 374 814 476 Σωτὴρ
843 376 900 453 καὶ
931 373 1061 473 Κύριος
1089 372 1198 471 ἡμῶν,
1226 372 1274 452 ὡς
1300 371 1381 454 ciris

257 504 394 609 ὀλέθρῳ
422 507 480 582 καὶ
508 502 669 608 ἀπωλείᾳ
693 509 757 582 τοῦ
785 501 964 602 γνωρίμου
992 502 1198 604 δυσφορῶν,
1222 499 1281 575 καὶ
1308 495 1358 574 ἔτι

257 635 401 728 μᾶλλον
429 631 485 708 ἐπὶ
512 635 557 734 τῇ
581 638 645 708 τοῦ
669 627 803 712 παντὸς
819 627 1000 706 Ἰουδαίων
1029 625 1150 706 ἔθνους
1178 624 1358 725 ἀποβολῇ,

258 753 381 859 ὥσπερ
400 757 456 836 ἐπὶ
472 755 669 856 μεμηνόσιν
688 755 824 838 οἰκείοις
842 756 900 833 καὶ
918 756 966 835 ὡς
985 754 1042 832 ἐπὶ
1060 749 1247 856 φιλτάτοις·
1263 783 1358 846 συμ-

258 880 425 985 πάσχων,
443 888 568 962 πεῖσαν
586 882 652 983 τὴν
677 881 768 983 πρὸς
789 879 916 964 αὐτοὺς
936 879 1078 977 ὁμιλίαν
1097 880 1156 956 καὶ
1182 881 1353 957 διδασκα·
1370 917 1401 950 ιο

260 1009 353 1105 λίαν,
390 1007 448 1087 διά
483 1009 526 1088 τὸ
561 1009 670 1108 μηδὲν
707 1006 833 1090 αὐτοὺς
870 1006 1102 1113 ὠφεληκέναι,
1140 1005 1360 1108 ἀδολεσχίαν

260 1138 437 1215 ἀποκαλεῖ
460 1133 624 1242 φθακων,
657 1133 813 1228 ἔλυπνὶθην
843 1137 873 1215 ἐν
906 1143 944 1244 τῇ
972 1129 1167 1241 ἀδολεσχία
1194 1168 1269 1237 μου,
1298 1141 1358 1210 καὶ

262 1259 442 1368 ἐταράχθην
459 1262 529 1341 ἀπὶ
544 1260 654 1367 φωνῆς
667 1260 788 1362 ε’χθριῖ,
804 1269 862 1339 καὶ
880 1261 951 1339 ἀπὶ
972 1251 1126 1366 θλίφεως
1143 1258 1358 1362 αμαρτωλκῖ.

260 1383 339 1467 ’Ότι
373 1386 549 1493 ἐξέκλιναν,
579 1391 704 1492 φησὶν,
737 1388 789 1466 ἐπ’
821 1384 903 1489 ‘ipe
939 1387 1091 1487 ἀνομίαν,
1124 1391 1183 1464 καὶ
1222 1385 1251 1464 ἐν
1284 1419 1359 1491 οργη
1369 1397 1392 1458 d

226 1545 251 1578 ¹¹
262 1514 417 1594 ἕνεκίτουν
434 1549 502 1616 ριιι.
553 1513 672 1611 ’Άπερ
691 1512 836 1590 δύναται
853 1510 917 1607 μέν
935 1513 994 1590 καὶ
1011 1514 1069 1592 ε’πὶ
1086 1508 1168 1593 τοὺς
1186 1509 1363 1613 ἄρχοντας

262 1645 334 1718 τῶν
352 1640 390 1717 ἐκ
407 1643 597 1740 περιτομῆς
615 1637 867 1744 ἀναφέρεσθαι,
887 1635 969 1720 τοὺς
991 1640 1178 1740 ἐχθρωδῶς
1203 1639 1261 1715 καὶ
1288 1639 1364 1714 ε’πι-

262 1771 498 1859 βουλευτικῶς
525 1764 712 1866 ἐνεδρεύειν
741 1765 849 1843 αὐτὸν
875 1764 1122 1865 πειρωμένους,
1151 1762 1296 1843 δύναται
1324 1760 1386 1845 dds

263 1893 322 1970 καὶ
347 1894 428 1991 περὶ
456 1889 638 1990 δννάμεων
668 1889 830 1991 ἀοράτων
860 1890 990 1998 ἔξωθεν
1019 1888 1127 1968 αὑτὸν
1155 1898 1363 1991 προσπολε-

262 2021 410 2113 μουσῶν
434 2019 492 2096 καὶ
516 2014 582 2115 τὴν
610 2018 651 2096 δι’
673 2015 871 2119 ἀνθρώπων
893 2013 1115 2113 κατασκευὴν
1143 2018 1364 2116 ἐνεργουσῶν

263 2141 448 2241 λέγεσθαι.
498 2139 551 2220 *A
570 2147 629 2221 καὶ
655 2140 823 2246 συνᾴδειν
843 2177 904 2241 μοι
927 2147 1024 2221 δοκεῖ
1037 2149 1111 2224 τοῖς
1129 2144 1166 2220 ἐν
1185 2146 1235 2246 τῷ
1252 2141 1359 2237 εὐαγ-

263 2267 373 2371 γελίῳ
406 2269 462 2344 ἀπ’
495 2268 604 2345 αὐτοῦ
640 2267 877 2367 λελεγμένοις,
910 2267 1001 2348 κατὰ
1038 2269 1103 2347 τὸν
1132 2275 1197 2346 τοῦ
1228 2263 1363 2346 πάθους
1375 2303 1405 2337 ιο

265 2390 396 2492 καιρὸν,
416 2390 473 2470 ὅτε
499 2392 595 2492 λέγει
617 2401 691 2476 τοῖς
715 2396 840 2472 ἑαυτοῦ
864 2400 1050 2492 μαθηταῖς,
1071 2393 1254 2498 περίλυπίς
1279 2392 1365 2470 ἔστιν

266 2523 283 2611 ἡ
315 2511 420 2622 φυχη
446 2554 510 2622 μιν
544 2517 604 2603 ἕως
632 2517 781 2599 θανάτου·
822 2527 957 2624 μείνατε
983 2515 1059 2616 ὦδε,
1093 2529 1152 2600 καί
1182 2521 1365 2625 γρηγορεῖτε

229 2649 340 2750 υμετ’
375 2645 463 2750 ἐμοῦ.
529 2648 600 2724 Καὶ
636 2644 757 2741 πάλιν,
789 2648 835 2726 νῖν
866 2651 883 2738 ἦ
914 2639 1017 2754 φυχὴ
1049 2683 1114 2750 μου
1144 2646 1362 2750 τετάρακται.

776 2828 855 2890 ῑέὃ.

269 2973 458 3048 proditionem
483 2975 698 3047 comparabatur
720 2981 819 3030 contra
842 2973 931 3031 illum.
972 2975 1053 3031 Tunc
1079 2975 1156 3031 enim
1178 2975 1307 3031 Salvator
1334 2993 1367 3030 ac

269 3053 409 3110 Dominus
427 3061 534 3115 noster,
549 3053 636 3110 veluti
653 3054 689 3109 ob
710 3055 862 3128 perniciem
884 3064 968 3129 atque
990 3054 1136 3111 interitum
1159 3055 1202 3111 sui
1223 3055 1367 3112 familiaris

270 3133 369 3189 dolens
390 3150 566 3206 moerensque
583 3151 616 3189 ac
635 3135 725 3190 multo
746 3135 831 3192 etiam
854 3137 945 3210 magis
966 3135 1003 3192 ob
1024 3135 1111 3192 totius
1127 3133 1253 3192 Judaicae
1274 3135 1368 3210 gantis

270 3212 466 3288 perditionem,
481 3221 615 3287 tanquam
630 3215 667 3270 ob
681 3233 747 3271 suos
765 3216 802 3272 ad
820 3216 958 3272 insaniam
978 3216 1118 3284 redactos,
1132 3225 1162 3273 at
1175 3225 1310 3289 tanquam
1331 3215 1368 3271 ob

271 3293 325 3350 sibi
339 3293 520 3350 charissimos
541 3295 732 3352 misericordia
752 3305 921 3362 commotus,
937 3314 1053 3352 ornnem
1073 3315 1129 3370 qua
1149 3315 1214 3352 cum
1233 3296 1288 3352 illis
1307 3303 1367 3352 ute·

270 3375 355 3431 batur
369 3375 508 3430 sermonis
522 3375 754 3432 consuetudinem
769 3394 802 3432 ac
817 3377 984 3441 doctrinam,
1000 3395 1034 3433 eo
1055 3377 1132 3450 quod
1149 3376 1205 3432 illis
1217 3376 1288 3432 nihil
1302 3393 1368 3449 pro·

270 3455 378 3518 fuisset,
400 3454 584 3528 nugationem
608 3455 740 3530 appellat,
762 3456 868 3520 dicans,
887 3457 1071 3513 Contrirtutua
1091 3475 1150 3513 sum
1170 3459 1200 3512 ιἰι
1223 3458 1370 3530 rogatione

270 3553 340 3598 πιια,
355 3542 381 3590 et
396 3535 572 3592 conturbatur
591 3553 650 3591 tum
668 3555 686 3590 α
708 3554 771 3592 voce
790 3537 900 3600 inimici,
916 3545 943 3593 et
963 3557 982 3593 α
1000 3537 1176 3594 tribulatione
1196 3539 1367 3611 peccatoris.-

272 3615 399 3687 quom'nm
413 3615 618 3680 declinaverunt,
633 3615 731 3688 inquit,
747 3616 774 3671 iu
788 3635 830 3672 me
844 3619 1014 3690 iniquitatem
1030 3625 1056 3673 et
1071 3619 1099 3672 in
1113 3619 1155 3672 irc
1173 3617 1278 3673 inolesti
1291 3623 1371 3673 eruat

270 3695 357 3750 mitt:
379 3711 440 3768 quaa
455 3694 567 3767 quidam
581 3704 702 3768 possunt
716 3695 801 3752 etiam
816 3696 853 3752 ad
868 3697 1008 3770 principes
1022 3696 1039 3753 J
1042 3697 1185 3753 udaeorum
1200 3695 1307 3761 referri,
1322 3696 1371 3770 qui

271 3774 386 3832 inimico
399 3773 600 3848 insidiantique
615 3775 708 3832 animo
723 3775 925 3834 circumvenire
939 3777 1018 3833 illum
1032 3776 1215 3833 conabantur.
1244 3775 1372 3832 Possunt

272 3855 357 3911 ctiam
379 3855 414 3911 de
435 3855 622 3929 potestatibus
644 3854 839 3921 invisibilibus,
855 3875 917 3930 quaa
935 3858 1112 3914 extrinsecus
1131 3857 1209 3914 illum
1223 3874 1370 3931 oppugna·

272 3934 342 3990 bant
369 3953 402 3992 ac
426 3953 477 4008 per
504 3934 634 3992 homines
655 3936 723 3992 talia
745 3936 785 3993 illi
807 3937 1049 4002 machinabantur,
1071 3937 1201 4014 intelligi.
1250 3937 1371 3994 Proinde

111 4028 187 4068 natta.
199 4027 229 4075 ιε,
273 4014 373 4070 cadem
386 4014 456 4070 mihi
470 4015 602 4072 videntur
614 4017 787 4075 concordare
807 4035 871 4074 cum
890 4017 933 4082 iia,
949 4035 1011 4091 quae
1033 4017 1069 4074 ab
1088 4017 1151 4092 ipso
1172 4019 1201 4074 in
1222 4019 1372 4092 evangelio

110 4080 143 4127 θ’
275 4092 351 4148 dicta
372 4103 438 4150 sunt
457 4095 509 4150 sub
529 4095 623 4168 ipsum
644 4097 782 4170 passionis
803 4109 923 4171 tempus,
940 4097 987 4154 ubi
1008 4097 1047 4153 ait
1066 4098 1102 4154 ad
1122 4117 1187 4155 suos
1209 4097 1370 4172 discipulos,

111 4175 145 4212 J0·
159 4185 188 4222 ¹².
200 4183 231 4224 ενι
277 4171 375 4224 Ίλίςιὶκ
387 4179 426 4225 ονε
440 4173 532 4226 anima
546 4192 605 4229 ινιια
620 4193 703 4248 usquc
716 4179 752 4233 od
765 4186 885 4242 mortem.
900 4185 1007 4234 nannete
1021 4177 1063 4233 dic
1079 4185 1106 4234 et
1126 4179 1238 4253 viqilote
1257 4197 1371 4235 ciccum.

275 4247 312 4302 Et
327 4265 431 4310 rursus,
449 4248 528 4302 Nunc
541 4255 631 4308 ααὶνπα
647 4273 705 4310 men
721 4258 884 4312 conturbata
898 4265 946 4313 est.
991 4255 1099 4315 Similia
1114 4277 1236 4332 namque
1250 4258 1294 4314 his
1306 4265 1371 4314 sunt
