3144 4720
255 253 320 318 oio
702 251 886 318 nussum
1334 253 1501 335 ,242⁶-

254 415 442 510 μετῆλθευ,
472 417 643 511 μηδαμῶς
675 412 865 508 ὑπομείνας
891 409 959 509 τὴν
990 416 1038 494 είς
1067 410 1253 512 Α’ίγιπτον
1285 405 1360 508 ἅμα

232 544 329 621 ιτοῖς
350 547 517 639 γονεῦσιν
542 537 784 642 ἀναχώρησιν.
842 535 966 618 Ἀλλά
989 535 1061 639 γάρ
1086 535 1131 636 ἦν
1154 542 1218 636 τῆς
1240 538 1355 639 κρείτ·

254 696 356 747 τονος
375 665 574 763 οἰκονομίας
601 667 657 743 ἐπὶ
686 673 809 767 καιροῦ
833 673 897 744 τοῦ
922 664 1169 766 προσήκοντος
1196 671 1268 744 τῶν
1295 669 1360 762 τῆς

255 787 421 887 θεότητος
449 786 684 894 ἀπάρξασθαι
711 789 902 889 θαυμάτων
927 787 957 898 ᾦ
982 823 1025 891 γε
1053 789 1111 868 διὰ
1135 788 1270 872 παντὸς
1294 798 1358 868 τοῦ
1372 825 1403 860 ιο

254 915 336 1008 βίου
362 912 403 992 τὸ
427 920 544 1019 πρᾷον
572 917 629 992 καὶ
657 915 866 1020 ἀνεξίκακον
887 912 1161 1018 μεμαρτύρηται,
1178 917 1358 1022 προχείρῳ

254 1037 320 1136 μὲν
348 1044 394 1122 είς
420 1037 484 1123 τάς
509 1041 664 1122 εὐποιίας
692 1043 750 1118 καὶ
778 1041 843 1123 τάς
870 1041 989 1123 κοινὰς
1016 1041 1219 1142 εὐεργεσίας
1240 1039 1357 1142 ῐγευο-

254 1163 358 1270 μένιρ,
383 1165 517 1263 μηδένα
545 1162 583 1241 δέ
608 1169 681 1242 τῶν
704 1163 754 1262 μὴ
783 1163 982 1244 ἀκουόντων
1010 1166 1226 1271 ἀμυνομένῳ,
1248 1163 1298 1264 μὴ
1324 1167 1357 1243 δ’

255 1288 313 1369 ὅτε
339 1293 382 1374 ὡς
408 1291 573 1394 πρίβοιτιν
598 1290 653 1368 ἐπὶ
680 1289 822 1395 σφαγὴν
847 1287 957 1390 ἤγετο,
981 1300 1040 1369 καὶ
1060 1293 1127 1375 ‘cic
1145 1291 1251 1396 ἀμιος
1269 1292 1399 1374 ἔνιοι-ις

231 1417 318 1497 κτίοι
354 1416 410 1492 τοῦ
449 1417 600 1518 κείροντος
632 1413 775 1519 άφωιος.
838 1421 923 1497 Πῶς
960 1412 1049 1493 hotv
1087 1412 1178 1497 εἰκὸς
1212 1412 1258 1514 ἦν
1294 1415 1476 1510 riwp427

254 1547 415 1618 τοιοῦτον
445 1543 515 1618 δεῖν
545 1541 584 1617 ἐν
609 1539 739 1646 παιδίῳ
766 1536 816 1638 μὴ
844 1541 923 1644 οὐχὶ
952 1542 1186 1643 ὑποχωρῆσαι
1215 1545 1261 1642 τῇ
1293 1549 1358 1617 τοῦ

253 1665 421 1764 Ἡρώδου
445 1664 558 1770 κακίᾳ,
578 1659 607 1772 ᾧ
633 1667 691 1743 καὶ
716 1668 753 1744 ἐν
777 1667 877 1768 ἀνδρὶ
904 1665 946 1743 τὸ
971 1668 1166 1768 ἀναχωρεῖν
1190 1667 1248 1742 καὶ
1273 1662 1356 1748 τοὺς

254 1787 430 1888 πονηροὺς
448 1791 619 1868 ε’κκλίνειυ
639 1789 914 1892 μεμαρτύρηται,
933 1789 1213 1891 ἐπικράπτεσθαί
1233 1822 1271 1867 τε
1296 1793 1356 1868 καὶ

255 1913 469 2016 ὑποφεύγειν
486 1911 549 1992 τὸν
567 1917 624 1993 ἐπὶ
649 1922 727 1997 ταῖς
744 1914 1044 2020 παραδοξοποιίας
1062 1915 1205 1994 ἔπαινον
1220 1947 1230 2010 ;
1261 1947 1378 2016 παρ-5

255 2037 328 2142 ῄνει
346 2045 434 2138 γοῦν
461 2073 534 2120 τοις
559 2073 607 2118 uir
636 2073 745 2119 αυτου
770 2039 1057 2141 θεραπευομένοις
1077 2041 1200 2136 μηδενὶ
1221 2038 1352 2138 λέγειν.

232 2169 302 2242 ⁶Ei
321 2165 349 2241 δ
366 2165 423 2242 ε’πὶ
442 2160 506 2242 τὸν
523 2164 615 2242 λαὸν
628 2165 694 2261 τὴν
706 2164 927 2268 προφητείαν
942 2163 1114 2266 ἀναφέροι
1127 2195 1190 2258 τις,
1203 2160 1358 2267 φάσκων

255 2293 335 2390 περὶ
354 2299 417 2368 τοῦ
435 2292 474 2368 ἐκ
492 2290 697 2390 σπέρματος
716 2297 780 2367 τοῦ
798 2286 951 2390 Ἰσραὴλ
971 2295 1062 2366 λαοῦ
1085 2291 1257 2388 εἰρῆσθαι,
1276 2289 1353 2366 ε’πι·

255 2412 430 2512 στησάτω
466 2419 511 2517 τῇ
549 2421 612 2492 τοῦ
654 2411 768 2514 λόγου
809 2413 1012 2516 ἀκολουθίᾳ,
1050 2419 1164 2490 ταῦτα
1206 2411 1355 2491 έσεσθαι
1368 2445 1399 2512 ¹.⁰

256 2537 412 2642 φησάση
429 2537 519 2636 μετά
537 2538 578 2616 τὸ
598 2545 704 2617 εἰπεῖν
724 2541 772 2620 ὡς
789 2536 879 2638 πρὸς
897 2537 1006 2634 αὐτὴν
1024 2535 1090 2634 τὴν
1103 2535 1354 2638 Ἰερουσαλὴμ,

257 2673 316 2744 καὶ
347 2665 608 2770 ἐξαναστῆσιται
637 2662 797 2742 ἀπώλεια
822 2663 850 2742 ἐν
878 2671 923 2770 τῷ
947 2671 1025 2768 λαῷ
1052 2697 1123 2750 σου,
1151 2669 1210 2740 καὶ
1239 2661 1385 2742 πάνταίι

479 2809 636 2886 Ῑγενωμένω
651 2813 678 2868 Β.
761 2814 821 2868 stc
832 2813 860 2866 S.
944 2807 1021 2865 hadr
1035 2829 1089 2866 om.
1106 2813 1137 2866 P.

256 2924 341 2980 modo
354 2925 430 2981 illam
446 2925 475 2980 iu
484 2925 644 2999 AEgyptum
656 2942 711 2980 una
725 2941 788 2980 cum
803 2923 967 2997 parentibus
981 2922 1170 2980 secessionem
1183 2921 1355 2996 pertulisset.

256 3003 363 3059 Verum
378 3004 452 3060 euim
473 3003 679 3077 praestantioris
693 3002 840 3077 cujusdam
855 3001 1072 3076 dispensationis
1087 3021 1120 3059 ac
1134 3003 1278 3076 sapientire
1292 3001 1355 3066 fuit,

256 3099 307 3138 suo
328 3091 412 3155 atque
433 3083 647 3139 accommodato
666 3093 795 3157 tempore
816 3082 1024 3145 miraculorum,
1039 3101 1102 3157 quas
1123 3082 1160 3139 ad
1178 3081 1356 3138 divinitatem

255 3161 407 3236 pertinent,
423 3161 533 3218 initium
552 3162 643 3218 facere
665 3181 729 3219 eum
750 3161 795 3218 cui
816 3162 846 3218 in
860 3170 921 3218 tota
938 3161 996 3218 vita
1013 3160 1237 3218 mansuetudinis
1255 3170 1284 3216 et
1298 3161 1355 3217 cle-

256 3242 369 3298 mentiae
383 3242 577 3298 testimonium
592 3243 732 3299 redditum
747 3251 799 3307 est,
814 3241 916 3316 quique
930 3240 966 3297 ad
980 3241 1199 3316 promerendum
1220 3249 1305 3314 atque
1319 3241 1357 3296 ad

256 3323 418 3378 communia
439 3323 531 3379 officia
551 3322 697 3397 fungenda
717 3341 874 3396 propensus
894 3321 999 3386 extitit,
1014 3339 1068 3378 nec
1088 3321 1209 3395 aliquem
1231 3339 1355 3394 uuquam

257 3421 354 3460 eorum
371 3401 490 3476 quinon
512 3403 566 3477 ipsi
582 3403 812 3459 auscultaverunt
831 3401 906 3458 ultus
925 3409 977 3467 est,
993 3420 1028 3457 ne
1047 3411 1115 3457 tunc
1134 3400 1247 3475 quidem
1269 3418 1356 3473 quum

166 3530 172 3550 ,
195 3529 201 3542 .
257 3491 285 3540 ul
300 3486 356 3540 uuis
370 3485 406 3538 od
419 3484 573 3540 occisionem
588 3483 743 3546 ducebatur,
758 3489 841 3560 utque
861 3489 891 3537 ut
911 3499 1000 3556 αρηιις
1016 3499 1105 3537 corum
1120 3483 1245 3536 tondente
1263 3499 1291 3535 sc
1308 3481 1356 3535 olr-

256 3563 429 3620 mutarcebat.
472 3562 529 3630 Qui
556 3572 651 3618 autem
680 3580 775 3636 quasso
803 3561 991 3624 convenisset,
1017 3579 1092 3624 eum,
1117 3562 1165 3634 qui
1191 3560 1256 3616 talis
1282 3567 1354 3624 erat,

256 3661 374 3716 puerum
389 3643 481 3698 adhuc
496 3642 620 3699 Herodis
640 3641 754 3698 mulitia
775 3659 833 3697 non
854 3641 1021 3704 concedere,
1037 3641 1082 3697 cui
1096 3640 1182 3697 etism
1197 3640 1234 3696 ad
1246 3639 1356 3695 virilem

257 3731 371 3780 aetatem
396 3721 523 3800 proiecto
551 3721 724 3779 concedendi
752 3729 782 3778 et
810 3721 951 3794 malignos
978 3719 1136 3777 declinandi
1162 3719 1356 3776 testimonium

256 3804 399 3860 redditum
413 3811 467 3866 est,
483 3801 586 3876 quique
605 3811 634 3858 et
653 3819 683 3858 se
703 3801 845 3857 occultare
864 3809 893 3856 et
913 3799 941 3855 iu
956 3799 1098 3856 miraculis
1112 3799 1229 3856 edendis
1242 3798 1356 3855 laudem

256 3883 382 3956 effugere
410 3881 611 3938 consueverit?
643 3899 708 3937 num
734 3898 804 3954 quos
830 3880 889 3953 ipse
917 3889 1052 3944 curasset,
1081 3880 1115 3935 iis
1138 3879 1295 3953 imperabat
1324 3887 1357 3935 ut

257 3962 363 4017 nemini
377 3962 513 4018 dicerent.
546 3961 631 4030 Quod
646 3961 669 4017 si
684 3961 746 4034 quis
760 3959 939 4037 prophetiam
953 3960 1027 4016 hauc
1041 3960 1077 4016 ad
1091 3959 1225 4034 populum
1240 3959 1355 4022 referat,

257 4039 387 4113 dicatque
412 4041 471 4097 hoec
493 4042 529 4098 de
553 4040 656 4115 populo
678 4059 714 4098 ex
742 4040 849 4096 semine
876 4038 964 4096 Israel
991 4038 1111 4096 oriundo
1136 4038 1211 4096 dicta
1237 4057 1308 4102 essa,
1331 4038 1357 4094 is

257 4119 386 4174 attendat
399 4119 549 4176 verborum
564 4120 690 4178 ordinem
706 4121 735 4178 iu
750 4121 850 4194 quibus
864 4119 926 4176 hec
938 4119 1034 4176 futura
1048 4119 1189 4185 dicuutur,
1205 4127 1356 4194 postquam

258 4194 364 4250 dictum
382 4205 425 4250 est
440 4197 518 4267 quasi
532 4198 568 4251 ad
581 4199 672 4270 ipsam
687 4199 877 4265 Hierusalem,
892 4207 919 4254 et
938 4207 1047 4270 esurgel
1063 4199 1185 4272 perditio
1206 4202 1233 4254 iu
1251 4199 1356 4273 populo

259 4281 316 4336 tuo,
331 4279 356 4326 el
377 4273 467 4326 ουιιιίιι
487 4275 592 4329 munita
614 4284 662 4330 ιυα
680 4279 826 4348 peritum:
848 4285 878 4334 et
892 4297 954 4351 quae
974 4279 1087 4352 quidem
1104 4278 1235 4352 princeps
1254 4293 1356 4355 passus
