3108 4708
266 215 332 286 9⁸6
713 221 899 285 nusnnn
1347 241 1512 308 p‚499-

266 383 387 486 καιρὸν
415 389 452 465 ἐν
480 394 552 470 τοῖς
581 392 662 490 περὶ
690 387 844 468 θανάτου
872 396 944 470 τῶν
970 393 1034 487 τῆς
1061 390 1234 492 γενέσεως
1262 392 1373 472 αὐτοῦ

264 511 472 610 μνημονεύει
490 513 626 614 *λέγων
643 512 734 617 πρὸς
752 513 815 594 τὸν
833 517 980 617 πατέρα,
999 517 1045 594 ‘irs
1070 514 1112 595 οἶν
1138 515 1169 596 εἷ
1185 526 1199 597 5
1220 517 1363 598 imvi-

264 672 333 724 σας
350 673 396 742 με
419 641 457 719 ἐκ
483 639 680 744 pampini
703 643 805 726 ἐλπίς
823 678 887 746 μιν
913 643 985 722 ἀπὶ
1009 641 1151 748 μαστῶι
1177 641 1233 736 τῆς
1252 645 1395 752 prospice

263 799 339 865 μου.
399 767 482 844 Ἐπί
510 800 550 845 σε
578 767 745 872 ι’πιρρίφην
773 769 813 848 εἰι
840 771 981 874 μήτρας,
1012 772 1050 850 ἐκ
1086 772 1220 854 κοιλίαις
1249 771 1369 874 μητρθς

225 921 329 991 sipon
347 891 431 976 Θεθι
454 928 518 998 μου
544 891 575 974 εἷ
595 891 647 972 σύ.
707 892 855 974 Τούτων
879 894 917 973 δὲ
942 893 1084 978 εἰκότως
1107 895 1275 1001 ἀναφέρει
1300 893 1367 994 τὴν

263 1016 407 1116 μνήμην
430 1025 478 1102 εἶς
498 1019 726 1122 παραμυθίαν
743 1025 807 1119 τῆς
824 1027 898 1101 τῶν
918 1021 1107 1124 παρόντων
1130 1024 1362 1122 ἀπαλλαγῆς.
1542 1067 1543 1114 ι

257 1143 405 1248 Ὥσπερ
430 1144 512 1247 γὰρ,
532 1149 636 1252 φησὶ,
655 1144 806 1248 γέγονάς
830 1181 901 1246 μου
926 1147 1060 1248 βοηθὸς
1088 1153 1196 1246 σῶμα
1220 1148 1362 1250 ἀνθρύ-
1376 1183 1410 1217 10

263 1303 362 1349 πειον
387 1269 644 1368 ἀναλαβόντος,
663 1271 721 1352 ὅτε
748 1275 807 1354 καὶ
832 1273 876 1379 ἐξ
897 1275 1005 1373 αὐτῆς
1030 1277 1093 1373 τῆς
1116 1273 1366 1379 κυοφορούσης

263 1429 308 1494 με
327 1395 485 1499 γαστρὸς
503 1397 553 1477 σὺ
571 1397 677 1482 αὐτὸς
695 1401 713 1476 5
734 1398 827 1484 Θεός
844 1433 914 1495 μου
931 1401 989 1479 καὶ
1013 1398 1133 1501 πατήρ
1151 1433 1221 1498 μου
1238 1397 1364 1501 ὥσπερ

262 1521 470 1621 μαινόμενος
492 1523 558 1623 τὴν
583 1527 658 1620 ἐμοὶ
683 1525 1016 1624 κατεσκευασμένην
1039 1526 1084 1631 ἐξ
1098 1526 1202 1626 ἁγίου
1220 1524 1396 1606 ιῑΠνεύ-ιί

260 1681 372 1744 ματος
403 1648 522 1751 σάρκα
550 1650 768 1756 ἐξέσπασας,
797 1649 862 1750 τὴν
893 1653 1018 1732 ἑαυτοῦ
1049 1650 1197 1750 δύναμιν
1225 1650 1362 1758 ὀρέξας,

259 1778 329 1858 ’ὡς
357 1773 403 1854 ἀν
430 1775 481 1876 μή
511 1811 562 1860 τις
596 1776 719 1880 ἐνέδρα
750 1780 808 1858 καὶ
840 1776 1016 1875 ἐπιβουλὴ
1047 1777 1090 1883 ἐξ
1116 1776 1363 1876 ἀντικειμένων

204 1934 210 1946 ·
259 1901 440 2001 δυνάμεων
467 1905 526 1982 καὶ
553 1909 719 2006 πονηρῶν
746 1901 956 2003 πνευμάτων
980 1902 1292 2009 διαφθονουμένων
1314 1909 1384 2009 τῇς

259 2033 307 2112 εἰς
333 2029 542 2132 ἀνθρώπους
565 2028 712 2137 παρόδῳ
729 2064 799 2128 μου
824 2029 974 2131 γε’νοιτο·
1005 2033 1078 2110 ἐπεὶ
1104 2034 1163 2110 καὶ
1186 2029 1277 2110 κατὰ
1295 2030 1361 2129 τὴν

258 2155 404 2257 πρώτην
422 2154 615 2261 σύλληψιν
632 2156 682 2235 σὺ
702 2156 815 2236 πάλιν
838 2155 879 2236 τὸ
903 2154 994 2235 κατὰ
1011 2155 1171 2259 γαστρὸς
1189 2158 1358 2237 ἐπεσκία-

258 2313 338 2377 σας,
357 2284 405 2364 ὡς
427 2280 472 2359 ἂν
499 2280 615 2386 ’λάθῃ
642 2281 723 2366 τοὺς
737 2283 925 2436 ἀρχρντας
949 2290 1013 2361 τοῦ
1036 2287 1162 2365 αἰῶνος
1187 2281 1313 2363 τούτου
1336 2284 1360 2383 ἡ

257 2407 352 2512 ἐξ
331 2409 435 2508 αγίου
468 2408 676 2506 Πνεύματος
708 2441 772 2559 της
805 2409 908 2509 ἁγίας
942 2405 1120 2510 παρθένου
1151 2406 1356 2514 σύλληψις.
1371 2451 1405 2487 ιο

218 2529 439 2635 ιθὍπερ’
391 2568 484 2635 μεγα
506 2532 704 2637 μυστήριον
729 2535 749 2612 5
773 2532 840 2617 σὸς
865 2531 1093 2638 ἀρχάγγελος
1112 2533 1260 2639 ἐξέφηνε
1280 2539 1355 2628 Γο-

256 2657 378 2763 βριὴλ,
396 2665 441 2765 τῇ
470 2660 648 2766 Mapia’
621 2693 738 2756 ειπων,
760 2661 940 2765 Πιιῧμνι
927 2657 1024 2761 άγιιι
1052 2659 1270 2739 ἐπελεύσεται
1300 2660 1363 2739 ἐπι

298 2874 419 2948 noym]
435 2878 520 2948 λέγων
534 2877 562 2932 S.
651 2871 897 2945 υΠνεύμιιτοςοιιι.
914 2873 941 2928 S.
1027 2883 1041 2910 ¹
1056 2871 1360 2946 ὁςθνηᾶνάἒβρσῐστὶ

255 2955 290 3026 μή
304 2977 342 3011 τις
356 2956 445 3026 ι’νίθριι
460 2957 490 3011 S.
574 2967 589 3012 ‚V
604 2955 690 3029 λάθοι]
707 2955 774 3025 λα’θη
791 2955 819 3012 S.

254 3142 288 3180 eu
301 3141 363 3197 ηοω
377 3123 521 3180 adortum
535 3131 665 3198 spectant
679 3132 891 3191 commemorat,
907 3123 947 3181 sic
961 3124 998 3182 ud
1011 3130 1122 3199 petrem
1136 3123 1253 3180 dicens:
1278 3123 1354 3187 Quo·

254 3207 327 3260 nium
342 3210 371 3260 tu
391 3223 419 3259 ει
439 3207 486 3278 qui
507 3207 648 3262 εαιτααὶιιί
669 3224 710 3263 me
730 3208 764 3262 de
783 3213 885 3270 ventre,
901 3223 960 3280 spes
980 3223 1041 3261 mec
1060 3204 1095 3260 αθ
1114 3203 1239 3260 uberibus
1257 3205 1357 3260 matris

254 3302 326 3342 meoe.
372 3285 404 3342 1ο
428 3291 454 3342 te
473 3283 610 3360 projectus
621 3305 682 3342 sum
696 3303 729 3342 ει
741 3293 818 3342 utero
841 3289 937 3342 matris
959 3303 1043 3342 mec:
1067 3285 1146 3341 Deus
1167 3302 1241 3341 meus
1263 3303 1291 3340 ιι
1313 3291 1355 3340 tu.

254 3364 362 3422 Merito
376 3373 470 3423 autem
491 3366 552 3422 hoec
573 3366 708 3432 meminit,
722 3375 754 3423 ut
769 3365 892 3440 seipsum
907 3365 1079 3431 consoletur,
1094 3373 1123 3422 et
1137 3385 1154 3421 o
1167 3363 1357 3439 presentibus

254 3447 335 3503 melis
349 3453 469 3503 cremet.
505 3445 564 3514 Qui
578 3447 662 3510 enim,
679 3446 777 3520 inquit,
793 3446 871 3502 iuisti
885 3445 955 3502 mihi
969 3445 1082 3519 adjutor
1096 3464 1181 3519 quum
1197 3445 1354 3502 humanum

253 3545 356 3602 corpus
376 3544 558 3591 assumerem,
574 3547 630 3601 quo
643 3535 771 3600 tempore
791 3545 827 3583 ex
848 3525 935 3600 ipsius
957 3525 1136 3600 parturientis
1158 3533 1239 3582 utero
1260 3543 1307 3581 mc
1320 3532 1355 3581 tn

253 3607 313 3681 ipse
328 3607 405 3663 Dens
419 3625 498 3663 meus
516 3615 545 3662 et
560 3605 647 3663 Pater
668 3625 755 3669 meus.
770 3616 904 3682 tanquam
927 3605 1085 3663 obstetricis
1106 3606 1228 3680 iungens
1249 3604 1353 3670 officio.

252 3707 305 3763 pro
323 3705 357 3744 en
373 3705 435 3762 qum
451 3686 520 3743 mihi
535 3687 570 3743 de
585 3685 690 3761 Spiritu
706 3694 804 3744 sancto
825 3695 989 3761 comparate
1008 3694 1070 3742 erut
1083 3704 1177 3749 carne,
1192 3683 1352 3748 extraxisti.

252 3775 302 3826 tua
315 3775 445 3844 porrecto
458 3767 562 3824 virtute
577 3767 613 3823 de
627 3765 696 3834 mihi
706 3767 767 3841 jem
782 3787 857 3824 nnnc
872 3767 1000 3832 sulutem,
1015 3785 1051 3822 ne
1065 3785 1121 3840 que
1135 3765 1211 3822 fraus
1225 3774 1274 3822 out
1287 3763 1354 3821 ullae

253 3849 360 3906 insidiae
388 3849 423 3906 ab
451 3847 576 3905 adversis
604 3847 790 3921 potestatibus
818 3847 1005 3921 malignisque
1030 3845 1184 3922 spiritibus,
1212 3845 1259 3919 qui
1282 3844 1354 3902 mihi

252 3929 338 3986 etium
352 3930 382 3985 in
397 3947 512 3986 accessu
527 3946 590 3985 meo
604 3927 640 3984 sd
654 3927 783 3985 homines
793 3925 965 3994 inviderunt,
980 3927 1060 3991 fiunt,
1070 3927 1203 4000 quonism
1218 3927 1246 3982 in
1260 3925 1354 4000 primu

251 4008 320 4064 item
335 4010 517 4084 conceptione
531 4017 562 4066 tn
577 4027 673 4065 rursus
688 4009 784 4083 quod
777 4028 806 4065 sn
817 4016 898 4064 utero
913 4008 954 4064 fui
969 4007 1153 4071 obumbrasti,
1165 4015 1197 4063 ut
1211 4005 1353 4081 principes

252 4087 346 4142 saeculi
360 4086 464 4159 hujus
447 4107 519 4178 'ipsa
532 4089 567 4145 de
583 4086 690 4164 Spiritu
701 4097 800 4146 sancto
811 4097 839 4145 et
850 4097 947 4146 sancto
955 4086 1066 4163 virgine
1077 4087 1228 4160 conceptio
1238 4087 1351 4145 lateret.

252 4163 337 4221 Quod
356 4181 424 4218 sone
446 4167 546 4238 ingens
562 4169 727 4241 mysterium
742 4177 808 4225 tuus
830 4168 1017 4261 archangelus
1033 4167 1147 4224 Gabriel
1162 4167 1264 4224 Μανία
1278 4165 1351 4222 indi·

90 4253 156 4294 cuer
149 4259 205 4300 ιιι-
252 4238 335 4304 cavit,
358 4239 463 4304 dicens,
486 4243 609 4312 Spiritus
633 4256 743 4303 sanctus
764 4251 931 4322 superveniet
956 4250 983 4304 in
1008 4255 1043 4311 te,
1066 4255 1092 4304 et
1114 4249 1203 4308 virtus
1225 4247 1352 4303 citissimi
