3120 4716
49 260 182 330 —435.
441 250 669 317 onnonsn.
694 253 863 319 avano.
888 255 998 336 1x.7.
1230 254 1294 320 aon

191 415 311 519 ἕτερον
328 418 421 502 ἰδίως
443 419 587 521 Κύριον,
606 424 664 500 καὶ
689 420 753 500 τὸν
779 423 905 502 τούτου
926 421 1063 522 πατέρα
1081 420 1176 502 Θεὸν
1202 424 1290 528 ὕψι·
1304 447 1334 482 ¹0

84 605 86 610 .
152 573 293 624 manau.
325 543 394 624 Διὸ
412 545 599 648 ἐπειδήπερ
616 544 724 627 αὐτὸν
738 551 785 631 ὡς
798 549 934 650 πατέρα
953 551 1011 629 καὶ
1024 547 1119 628 Θεὸν
1134 551 1293 654 ὕψιστον

190 669 402 775 καταφυγὴν
426 673 552 752 ἑαυτοῦ
579 675 599 752 ὁ
627 672 789 776 Χριστὸς
818 673 978 771 τέθειται,
1003 673 1169 754 λέλεκται
1196 677 1318 782 αὐτῷο

190 793 243 892 τὸ,
264 801 298 876 οὐ
315 797 576 905 προοελεθτετιιι
589 801 678 906 ,πρές
696 834 733 879 τε
759 799 870 890 unuin,
892 809 951 880 nui
980 799 1112 907 μάστιξ
1140 806 1198 881 ain
1227 803 1288 904 ε’γ·

192 927 263 1023 γιιῖ
279 932 325 1031 τῷ
344 924 541 1030 τιιηνοῖμοιτί
557 963 628 1016 τιν,
648 926 696 1006 ’ὅτι
713 931 780 1013 τοῖς
798 925 968 1029 ἀγγέλοις
996 931 1096 1008 αὑτοῦ
1118 929 1292 1009 ἐντελεῖται

193 1055 270 1156 περί
292 1088 363 1141 τον,
392 1055 447 1132 τοῦ
472 1049 690 1160 θιαφυλυίξιιι
719 1089 758 1133 οε
786 1056 815 1133 ἐν
844 1053 981 1138 ποίτυιιε
1004 1059 1081 1140 ταῖς
1109 1050 1193 1142 addc
1218 1089 1315 1140 τους

191 1182 273 1256 Ἐπὶ
300 1176 414 1286 zetunii
437 1181 552 1284 ιἰροῧοί
574 1214 625 1268 τε,
645 1181 772 1281 μήποτε
796 1173 999 1294 προσκόψῃς
1023 1179 1105 1284 πρὸς
1129 1181 1216 1262 λίθοι
1242 1185 1293 1263 τὸν

155 1297 285 1392 naida
311 1338 383 1381 του.
444 1305 515 1382 Καὶ
541 1305 715 1402 ἐπιμελῶς
738 1338 781 1405 γε
806 1303 904 1405 τήρει
926 1305 1006 1384 τίνα
1024 1303 1157 1406 τρόπον
1175 1308 1213 1385 ἐν
1231 1315 1293 1413 τῷ,

193 1427 239 1508 ’ὅτι
257 1426 311 1518 τὸ,
334 1427 439 1534 Κθριε,
460 1431 560 1514 ἐλπίς
579 1468 655 1535 μου,
676 1429 727 1512 τὸν
747 1429 766 1509 ii
806 1466 892 1511 ιττοι
912 1429 978 1510 ἔθου
1000 1435 1204 1538 καταφυγήν
1222 1469 1291 1528 τον,

192 1554 244 1634 τὸ.
254 1553 347 1661 Κθμε
364 1553 423 1636 διὸ
441 1563 505 1634 τοῦ
520 1555 792 1657 τετραγριὶμμον
809 1555 980 1653 ὀνόματος
994 1558 1031 1636 ἐν
1046 1563 1097 1663 τῷ
1110 1559 1291 1665 Ἑβραῖκῷ
1302 1598 1332 1634 ιο

192 1681 346 1784 φέρεται,
380 1681 468 1782 ὅπερ
503 1682 752 1786 ἀνεκφῶνητον
790 1679 876 1761 εἶναι
913 1683 1078 1783 λέγοντες
1110 1685 1292 1786 Ἑβραίων

192 1812 314 1891 παῖδες
343 1810 400 1888 ἐπὶ
427 1806 538 1906 μόνον
566 1816 630 1886 τοῦ
659 1813 754 1888 Θεοῦ
782 1811 1079 1909 παραλαμβάνειν
1108 1811 1321 1890 fideman

192 1935 290 2033 ἡμεῖς
306 1933 343 2014 δὲ
366 1937 425 2013 καὶ
442 1936 499 2014 ἐπὶ
522 1939 586 2032 τῆς
609 1943 672 2013 τοῦ
696 1934 819 2035 Λόγον
847 1933 1011 2035 θεότητος
1039 1939 1076 2015 έν
1104 1938 1293 2021 πλείσταις

177 2062 350 2158 ςκείμενον
383 2066 540 2164 γραφαῖς
571 2060 886 2166 προαπεδείξαμεν,
920 2061 1045 2164 ὥσπερ
1078 2065 1137 2143 καὶ
1173 2065 1211 2142 ἐν
1242 2070 1294 2169 τῷ

193 2186 284 2286 μετὰ
301 2193 420 2290 χεῖρας
437 2191 595 2291 Ψαλμῷ,
615 2185 654 2269 ὅς
673 2193 788 2290 φησιν
807 2193 855 2271 εἱς
877 2185 1076 2288 πρόσωπον
1098 2190 1206 2268 αὑτοῦ
1229 2197 1314 2267 nonis

196 2314 376 2416 Κνρίου,”
362 2349 407 2392 οτι
433 2309 485 2408 τὸ,
505 2313 609 2416 Kapan,
629 2313 729 2398 ε’λπις
747 2349 821 2416 μου,
841 2311 936 2393 τὸι”
976 2351 1062 2393 ιττον
1090 2313 1157 2394 ἔθου
1180 2350 1294 2395 κοιτα-

193 2443 302 2546 φυγήν
320 2467 391 2518 του·
422 2441 610 2541 μονονουχὶ
633 2437 799 2539 λέγων,
779 2472 835 2517 οτι
856 2437 906 2518 σὸ
929 2438 1045 2535 αὐτὸς,
1064 2475 1093 2518 ω
1078 2437 1270 2542 ’Κύριε,
1253 2476 1295 2525 ος

192 2549 278 2660 εμοῦ
295 2572 360 2642 τοῦ
376 2571 488 2642 ταῦτα
505 2561 793 2666 προφητεύοντος
811 2563 958 2646 ἐλπὶς
932 2598 981 2642 ων
998 2566 1193 2668 τυγχάνεις,
1212 2567 1289 2663 μεί·

192 2685 275 2790 ζονα
292 2696 428 2767 σαυτοῦ
447 2687 510 2766 τὸν
528 2685 677 2767 Θεὸν
641 2721 704 2766 τον
724 2689 883 2792 ὕψιστον
901 2688 1043 2772 εἶδὸος’
1026 2697 1167 2786 εκεΐνον,
1185 2688 1300 2769 αὐτὸν
1305 2729 1334 2763 ιο

157 2812 275 2898 ιςέθον
296 2810 510 2917 καταφυγήν
534 2845 616 2891 σου.
668 2809 785 2893 Ὅθεν
807 2820 866 2892 καὶ
887 2817 925 2893 ἐν
952 2817 1046 2918 ἀρχῇ
1069 2814 1211 2917 ἐλέγετο
1230 2823 1294 2894 τοῦ

196 3021 314 3079 dicitur:
337 3030 518 3096 quapropter,
533 3041 619 3096 quum
640 3019 718 3079 illam
740 3030 772 3080 ut
792 3031 901 3097 putrem
919 3031 1006 3098 utque
1020 3025 1111 3081 Deum
1127 3024 1295 3082 altissimum

196 3102 337 3177 refugium
352 3120 433 3159 ouum
449 3101 581 3160 Christus
599 3103 735 3177 posuerit,
751 3103 858 3160 dictum
878 3113 922 3162 eut
939 3105 975 3173 ei,
990 3105 1068 3170 illud,
1082 3105 1148 3163 Non
1169 3106 1296 3164 accedent

196 3185 232 3238 ud
246 3191 272 3240 te
285 3183 366 3248 muln,
381 3182 558 3259 eiflageilum
571 3201 624 3240 non
638 3183 865 3258 appropinquabit
880 3185 1052 3242 tabernaculo
1067 3193 1123 3242 iao.
1161 3186 1297 3250 Quoniam

196 3263 299 3335 angelo
312 3265 367 3319 suia
380 3262 520 3320 mandabit
537 3266 571 3320 de
590 3271 625 3327 ιε,
639 3271 668 3319 αι
689 3265 838 3319 cusiodiunt
860 3271 887 3320 ie
907 3265 935 3320 in
955 3265 1078 3322 omnibus
1093 3267 1219 3322 νιῖιιιιὶο.
1263 3266 1296 3322 In

196 3344 320 3399 manibus
335 3343 487 3418 portabunt
501 3351 537 3410 te,
552 3361 585 3399 ne
596 3342 677 3416 sarie
697 3343 817 3416 (fiendas
835 3346 872 3398 od
887 3343 1002 3416 lapidem
1014 3345 1109 3418 pedem
1125 3353 1211 3401 inum.
1254 3343 1297 3400 Et

197 3441 264 3484 sune
281 3423 431 3500 diligenter
450 3421 569 3479 observa
590 3441 711 3497 quonam
735 3421 821 3477 modo
842 3421 871 3478 in
891 3423 950 3488 illo,
971 3423 1106 3487 Quoniam
1128 3432 1158 3479 tu
1178 3425 1297 3479 Domina

196 3521 255 3576 apes
274 3521 344 3568 meo,
363 3503 524 3559 altissimum
544 3505 659 3576 pomini
679 3501 815 3576 rosnaium
835 3510 923 3568 tuum,
945 3503 1023 3569 illud.
1046 3503 1173 3568 Domine,
1193 3521 1245 3576 per
1266 3501 1295 3558 id

196 3601 300 3640 nomen
322 3583 397 3657 quod
419 3591 539 3657 quatuor
557 3582 646 3638 literis
666 3590 779 3638 constat
797 3581 825 3636 in
842 3581 984 3639 Hebraico
1002 3582 1138 3659 scriptum
1158 3582 1203 3645 sit.
1219 3582 1296 3656 quod

195 3681 282 3736 quum
297 3662 502 3720 inenunciubile
516 3681 578 3718 esse
593 3662 689 3719 dicunt
704 3661 827 3726 Hebraei.
842 3681 894 3736 pro
909 3663 970 3720 uolo
983 3663 1045 3718 Deo
1067 3672 1096 3720 et
1114 3669 1195 3736 patre
1213 3679 1293 3718 usur-

195 3761 262 3818 pare
277 3751 493 3809 consueverunt,
504 3761 558 3798 nos
572 3751 666 3799 autem
681 3741 756 3798 idem
771 3760 876 3798 nomen
889 3743 937 3799 ubi
952 3743 987 3799 de
996 3743 1084 3800 Verbi
1098 3761 1208 3817 quoque
1223 3741 1294 3798 dini·
1395 3767 1402 3780 ·

195 3823 284 3880 nitate
306 3824 401 3898 agitur
421 3823 450 3878 in
469 3822 596 3896 plurimis
617 3822 741 3897 positum
764 3841 827 3880 esse
848 3823 994 3898 scripturis
1014 3831 1097 3880 antea
1117 3824 1293 3880 demonstra-

194 3903 296 3968 vimus,
311 3904 425 3960 utitem
440 3903 468 3958 in
483 3921 517 3958 eo
532 3903 645 3960 Psalmo
660 3904 706 3977 qui
720 3903 838 3960 nuncin
853 3904 984 3960 manibus
997 3914 1050 3966 est,
1066 3903 1114 3976 qui
1127 3903 1168 3958 uit
1184 3903 1213 3958 in
1229 3921 1294 3976 per.

195 4001 295 4039 aonam
323 3983 411 4058 ipniuo
439 3982 568 4048 Domini,
595 3984 730 4048 Quoniam
759 3992 787 4041 ιιι
814 3984 933 4042 Domine
959 4002 1018 4058 ορατ
1041 4001 1108 4049 mea,
1133 3983 1294 4040 altissimum

192 4063 311 4136 posuisti
334 4063 471 4138 rosnaium
496 4073 583 4129 tuum,
608 4071 743 4136 nunquam
772 4064 796 4119 si
824 4063 939 4128 diceret,
961 4063 1094 4138 quoniam
1121 4071 1154 4120 tu
1181 4062 1251 4137 ipse.
1277 4077 1295 4118 ο

195 4143 328 4207 Domine,
343 4144 390 4217 qui
411 4162 475 4199 meu
495 4161 560 4217 spes
581 4161 612 4200 es
633 4141 784 4199 divinantis
805 4141 875 4207 haec,
890 4143 970 4199 illum
983 4162 1070 4218 aquo
1085 4144 1143 4218 ipse
1157 4160 1189 4199 es
1203 4143 1295 4199 Deum

160 4283 167 4296 ‚
196 4221 366 4279 altissimum
391 4223 468 4279 nosti
492 4233 521 4280 et
545 4224 621 4279 huno
643 4222 734 4297 ipsum
758 4220 876 4294 posuisti
900 4223 1040 4296 refugium
1064 4234 1154 4285 tuum.
1179 4241 1216 4278 ex
1240 4239 1297 4295 quo

197 4303 283 4360 atium
297 4303 327 4358 in
340 4302 477 4377 principio
492 4303 595 4360 Psalmi
616 4303 652 4359 de
673 4301 772 4359 eodem
794 4300 948 4369 dicebatur,
966 4304 1021 4368 Qui
1039 4305 1145 4364 nabitu!
1166 4306 1193 4360 in
1215 4301 1295 4372 adju-
