3142 4720
257 265 321 330 ωιι
633 239 645 256 ’
702 265 887 364 sussen
1334 279 1514 346 μιᾳ)-

195 523 197 530 ,
256 426 427 526 ἀλούσης,
447 425 517 506 ὑπὸ
537 425 603 526 τῆν
621 427 808 524 Ῥωμαίων
825 427 1020 529 γεγόνασιν
1041 425 1209 532 ἐξουσίαν
1228 422 1352 504 ὁπότε

255 551 337 636 τοὺς
356 554 472 633 αὐτῶν
490 551 619 650 νόμους
638 555 694 631 καὶ
720 555 954 652 ἐπιτάγματα,
972 556 1035 651 τῆς
1053 549 1226 652 προτέρας
1244 551 1395 629 adro-10

256 679 379 777 νομίας
399 681 458 757 καὶ
483 680 681 781 ἐλευθερίας
706 679 939 784 ἀφῃρημένοι·
971 682 1019 762 ὡς
1037 681 1095 757 καὶ
1113 681 1151 756 ἐν
1173 676 1286 782 τούτῳ
1310 673 1383 755 τόδ

254 803 477 911 προφητικὸν
503 803 733 903 ἐπαληθεύειν
762 801 897 905 λόγιον,
914 808 996 905 περὶ
1023 802 1088 903 μέν
1112 810 1186 881 τῶν
1207 809 1254 885 εἱς
1271 797 1355 885 τοὺς

255 928 385 1014 τόπους
407 929 681 1028 ἐκπεμπομένων
707 927 907 1031 ἐπιτρόπων
925 963 964 1008 τε
987 933 1046 1009 καὶ
1069 926 1280 1029 ἡγουμένων
1295 929 1354 1005 καὶ

254 1059 335 1158 περὶ
353 1063 425 1135 τῶν
443 1061 581 1136 λοιπῶν
599 1059 637 1134 ἐν
653 1055 750 1156 μέρει
768 1053 953 1159 ἀρχόντων
971 1052 1127 1159 φάσκον,
1147 1063 1215 1132 Καὶ
1235 1087 1352 1156 παρα-

255 1176 350 1261 δότω
376 1184 544 1283 Αἴγυπτον
569 1190 614 1266 εὶς
633 1187 750 1288 χεῖρας
769 1179 939 1288 ἀνθρώπων
964 1181 1073 1282 κυρίων
1095 1177 1254 1286 σκληρῶν,
1270 1178 1375 1278 tropis

216 1305 293 1386 τιδέ
311 1313 384 1386 τῶν
401 1306 467 1406 τὴν
486 1309 567 1387 καθ’
588 1305 676 1387 ὅλου
696 1304 888 1387 διωκόντων
906 1305 1033 1409 ἀρχὴν,
1048 1304 1091 1385 τὸ
1108 1305 1204 1411 ἑξῆς.
1245 1304 1350 1382 Ἀνθ’

254 1431 296 1510 οδ
314 1433 335 1510 ό
353 1431 511 1515 Ἀκύλας
531 1435 635 1535 φησὶ,
656 1441 724 1511 Καὶ
753 1428 922 1524 βασιλεὺς
952 1428 1238 1537 κτιιριιτιιιωμένος
1266 1431 1354 1534 ἐξου-

255 1557 367 1638 τιάσει
395 1560 425 1638 ἐν
453 1563 575 1643 αὐτοῖς·
607 1560 627 1636 ό
657 1555 693 1636 δέ
719 1555 924 1660 Σύμμαχος,
941 1565 1009 1636 Καὶ
1028 1555 1197 1648 βασιλάις
1217 1555 1349 1663 ἰσχυρός

254 1685 438 1790 ἐξουσιιίτει
471 1683 589 1764 αὐτόν.
649 1687 759 1764 Οὕτω
796 1682 841 1783 δῆ
877 1683 943 1784 τῆν
975 1684 1162 1780 Ῥωμαίων
1197 1683 1351 1783 ἠγοῦμαι
1362 1720 1392 1755 ιο

255 1813 453 1906 κεκλῆσθαι
473 1811 675 1907 βασιλείαν,
695 1811 754 1913 ὑφ’
774 1810 817 1909 ῆς
840 1807 966 1911 ὥσπερ
984 1815 1122 1914 χαλινῷ
1146 1811 1205 1887 καὶ
1229 1810 1352 1914 δεσμῷ

253 1934 513 2032 πεπεδημένους
541 1937 582 2013 οὐ
607 1935 718 2030 μόνον
743 1932 825 2020 τοὺς
845 1935 991 2015 πόντων
1015 1934 1213 2037 ἀνθρώπων
1236 1939 1348 2015 δεισι-

254 2058 552 2157 δοιμονεστάτους
591 2063 816 2163 Αἱγιαττίους,
855 2059 954 2140 ἀλλὰ
991 2064 1049 2138 καὶ
1085 2059 1167 2144 τοὺς
1203 2057 1351 2142 λοιπούς

253 2184 390 2270 πάντας
418 2185 636 2288 ἀνθρώπους,
655 2185 765 2286 μηδὲν
795 2186 970 2267 δύνασθαι
1000 2193 1140 2284 τολμᾶν
1166 2184 1257 2264 κατὰ
1287 2189 1350 2282 τῆς

215 2320 318 2391 τετοῦ
337 2316 504 2414 Σωτῆρος
520 2314 621 2413 ἡμῶν
640 2314 832 2413 ἐκκλησίας
851 2316 1065 2419 δυσφημεῖν.
1115 2310 1222 2391 Μετὰ
1239 2319 1351 2390 ταῦτα
1360 2301 1390 2438 ἐξ
1401 2371 1483 2436 300

253 2437 512 2543 προφητεύεται
530 2439 667 2521 τούτοις
685 2438 767 2543 ἑξῆς
786 2437 1034 2541 σκοτεινότερά
1050 2470 1130 2516 τινα
1148 2441 1205 2516 καὶ
1228 2437 1270 2515 δι’
1291 2443 1347 2516 ni·

254 2558 435 2662 νιγμάτων
452 2563 688 2666 ’μακροτέρας
714 2568 773 2643 καὶ
795 2562 995 2666 βαθυτέρας
1013 2567 1077 2662 τῆς
1100 2561 1190 2642 κατά
1213 2596 1348 2664 τροπο-

253 2689 381 2788 λογίαν
410 2685 558 2787 δεόμενα
584 2689 776 2791 ἑρμηνείας,
799 2687 823 2768 ἀ
849 2687 894 2789 δὴ
923 2692 980 2770 ἐπὶ
1008 2694 1150 2793 σχολῆς
1172 2687 1263 2769 κατὰ
1285 2686 1349 2767 τὸν

252 2812 482 2915 προσήκοντα
509 2812 631 2917 καιρόν
658 2819 721 2912 τῆς
747 2815 1003 2915 προσηκούσης
1030 2815 1190 2921 τεύξεται
1219 2812 1371 2916 diupi-5

672 2979 858 3049 tparpvrr'pur
872 2977 932 3030 RS.

251 3091 362 3157 iliorum
384 3101 463 3176 leges
484 3111 568 3177 atque
588 3103 681 3160 edicta
702 3101 781 3160 missi
801 3103 867 3168 sint,
883 3121 989 3178 suoque
1008 3104 1133 3177 ipsorum
1153 3103 1265 3178 proprio
1284 3103 1349 3178 jure

252 3199 356 3254 suaque
370 3179 500 3240 libertate
514 3183 623 3258 privati,
639 3192 670 3239 ut
684 3184 878 3258 propheticum
893 3184 1037 3240 oraculum
1051 3184 1136 3240 etiam
1150 3183 1179 3239 in
1197 3183 1251 3239 boo
1265 3183 1348 3257 piane

252 3261 398 3317 veritatem
420 3281 499 3318 suam
521 3262 705 3328 demonstret,
722 3265 797 3338 quod
819 3263 932 3338 quidem
946 3265 981 3320 de
998 3264 1042 3330 iis,
1057 3263 1104 3337 qui
1119 3263 1155 3320 ad
1169 3263 1232 3320 loca
1245 3281 1347 3336 procu·

250 3341 330 3397 randi
352 3341 446 3416 gratia
466 3343 597 3399 mittendi
617 3353 722 3408 essent,
737 3345 828 3418 deque
849 3343 1016 3418 praetoribus
1038 3362 1070 3399 ao
1089 3343 1204 3417 reliquis
1221 3361 1272 3418 per
1289 3344 1347 3399 sin·

250 3421 331 3497 gulas
358 3431 453 3496 partes
480 3424 692 3498 magistratibus
720 3425 760 3481 ita
783 3425 915 3498 loquitur,
942 3423 981 3480 Et
1008 3426 1115 3480 tractum
1138 3425 1292 3500 AEqyptum
1319 3425 1347 3479 in

250 3521 346 3559 munus
359 3502 502 3570 homiuum,
517 3504 685 3560 dominorum
700 3523 863 3578 ιιςροτοτιιοι,
879 3504 914 3560 de
935 3505 970 3560 iis
991 3522 1058 3560 vero
1080 3503 1127 3577 qui
1147 3513 1241 3560 totum
1258 3504 1346 3576 impe·

250 3583 323 3640 rium
337 3583 448 3640 obirent
462 3603 659 3658 summumque
669 3586 717 3659 jus
732 3585 902 3650 obtinerent,
918 3585 946 3641 id
961 3584 1038 3658 quod
1052 3584 1194 3657 sequitur:
1217 3601 1268 3657 pro
1290 3601 1347 3656 qno

250 3663 354 3737 Aquila
374 3663 422 3728 ait,
444 3665 481 3720 Et
499 3683 548 3721 ren
568 3667 756 3722 corroboratur
773 3673 934 3739 potestatem
955 3665 1084 3720 obtinebit
1104 3667 1132 3719 in
1152 3666 1199 3726 eir,
1215 3661 1347 3738 Symma-

250 3743 320 3799 chus
334 3751 438 3810 autem,
456 3747 493 3801 Et
507 3746 649 3819 reufortir
655 3743 706 3816 jur
719 3749 746 3800 in
760 3747 821 3801 titos
835 3743 950 3802 tatettt.
981 3742 1029 3800 Sic
1043 3752 1138 3800 antem
1153 3743 1213 3817 ipse
1227 3761 1347 3818 regnum

249 3823 443 3879 Romanorum
465 3825 586 3882 arbitror
606 3835 736 3881 vocaturn
759 3843 830 3888 esse,
848 3843 904 3899 quo
923 3833 1057 3898 tanquam
1075 3824 1157 3880 freno
1182 3841 1215 3879 so
1236 3823 1348 3880 vinculo

248 3901 376 3976 impediti
397 3922 455 3959 non
478 3904 568 3960 solum
587 3905 728 3979 AEgyptii,
750 3905 875 3961 omnium
899 3905 1045 3960 hominum
1071 3902 1347 3976 superstitiosissimi,

250 3983 300 4039 sed
327 3981 427 4056 reliqui
451 4002 562 4058 quoque
586 3985 708 4041 universi
733 3984 864 4041 homines
886 3984 955 4042 nihil
983 3993 1102 4057 possunt
1123 3984 1183 4056 jam
1206 3982 1347 4040 audentve

249 4071 349 4119 contra
374 4061 529 4120 Salvatoris
554 4064 643 4121 nostri
666 4065 811 4124 ecclesiam
832 4064 981 4121 oblatrare.
1025 4065 1093 4119 Post
1113 4063 1175 4120 haeo
1197 4063 1226 4118 in
1247 4062 1346 4120 eadem

249 4141 396 4216 prophetia
411 4141 509 4198 ordine
530 4154 685 4216 sequuntur
706 4145 868 4202 obscuriora
887 4145 1015 4218 quaedam
1035 4153 1064 4200 et
1083 4144 1166 4200 nodia
1180 4161 1213 4199 ac
1227 4141 1347 4199 difficul-

249 4220 354 4276 tatibus
369 4220 513 4294 implicita,
528 4239 590 4293 quse
605 4223 742 4296 longioris
756 4234 841 4298 atque
855 4223 971 4288 altioris,
986 4225 1024 4280 ob
1042 4225 1161 4298 figuram
1183 4242 1238 4297 qua
1256 4241 1346 4279 enun-

249 4300 318 4355 tiata
333 4307 407 4362 sunt,
422 4299 661 4371 interpretationis
675 4302 830 4376 indigeant,
846 4302 946 4376 quibus
967 4302 1081 4377 quidem
1101 4323 1155 4360 nos
1176 4320 1226 4376 per
1247 4303 1346 4366 otium,
