3132 4714
64 276 194 342 -324
449 265 678 333 DEMONST.
703 271 873 337 EVANG.
900 273 976 337 VII.
996 295 1022 337 1.
1244 273 1308 341 647

206 424 441 524 Ἐμμανουήλ
478 430 689 531 παρουσίας,
720 439 983 536 προαναφωνεῖ·
1026 433 1064 512 τί
1098 431 1135 510 δὲ
1171 441 1302 529 τοῦτο,

206 553 282 635 πιῖς
311 553 425 649 τύπος,
447 559 552 660 φησί,
578 561 633 636 τού
665 557 704 637 ιἰι
736 556 912 664 περιτομῆς
939 560 1038 647 λαοῦ,
1059 559 1112 665 ἐφ’
1132 556 1196 636 mori
1224 553 1307 650 sicas

205 679 324 774 χίλιαι
343 677 497 785 ἄμπελοι
516 685 637 779 χιλίων
656 682 794 772 σίκλων,
816 691 860 767 είς
884 682 1000 789 χέρσον
1019 683 1157 775 ἔσονται,
1181 693 1239 764 καὶ
1261 693 1329 770 sits

206 800 369 885 ἄκανθαν.
416 806 518 886 Μετάι
536 807 605 914 γαρ
624 807 749 901 βελους
770 814 828 890 καὶ
846 809 1048 916 τοξεύματος
1067 809 1306 892 εἰσελεύσονται

206 933 286 1023 ἐκεῖ,
308 937 433 1031 (δῆλον
452 936 481 1010 δ’
502 932 556 1012 ὅτι
585 939 617 1012 οἱ
645 934 835 1036 πολέμιος)
858 939 907 1014 ‘irs
936 938 1055 1041 χέρσος
1085 947 1143 1017 καὶ
1171 935 1306 1018 ἀκαιθα

165 1057 303 1139 sutores
322 1062 428 1140 πῖισα
449 1097 466 1152 η
488 1059 546 1161 γῆ.
605 1064 677 1139 Καὶ
706 1061 769 1140 θεά
796 1095 838 1162 γε
868 1061 941 1139 ὅσα
967 1065 1005 1140 ἐν
1032 1069 1077 1166 τῇ
1101 1063 1214 1168 ἡμέρᾳ
1241 1073 1305 1143 τοῦ

204 1185 450 1286 Ἐμμανουήλ,
470 1185 581 1286 (λέγω
607 1185 644 1264 δὲ
667 1189 706 1265 ἐν
723 1193 776 1292 τῷ
799 1191 862 1284 τῆς
888 1189 1066 1286 ἀνατολῆς
1090 1195 1200 1296 καιρῷ
1219 1198 1303 1269 1’τοῦ
1315 1220 1345 1255 ¹0

205 1319 353 1411 λογικοῦ
378 1310 499 1416 φωτὸς
526 1317 599 1390 τῶν
622 1310 681 1389 διὰ
707 1320 771 1390 τοῦ
791 1316 959 1414 Σωτῆρος
983 1313 1084 1410 ἡμῶν
1103 1319 1150 1396 είς
1167 1314 1331 1399 πάνταςο

205 1437 413 1538 ἀνθρώπους
450 1435 749 1543 ἐπιλάμψαντος,)
787 1441 869 1538 περὶ
909 1436 950 1516 rb
986 1436 1167 1517 Ἰουδαίων
1204 1439 1305 1524 ε”θνος

204 1561 354 1643 ἔσεσθαι
377 1564 397 1641 d
423 1561 534 1664 λόγος
551 1562 721 1664 θεσπίζει·
753 1563 917 1664 δυνάμεις
943 1596 982 1642 τε
1010 1561 1230 1665 ἀκαθάρτους
1248 1568 1306 1644 καὶ

205 1687 401 1784 πολεμικὰς
425 1687 490 1772 τάς
513 1686 629 1767 πύλαι
653 1692 691 1766 ἐν
713 1695 787 1772 τοῖς
810 1689 950 1768 ἔθνεσιν
968 1688 1192 1790 ἐνεργούσας,
1212 1688 1249 1768 ἕν
1267 1724 1306 1769 τε

206 1812 376 1922 Αἰγύπτῳ
410 1816 469 1893 καὶ
499 1820 544 1918 τῇ
575 1815 677 1920 χώρᾳ
708 1821 780 1893 τῶν
808 1816 1029 1917 Ἀσσυρίων,
1057 1823 1140 1894 οτού
1171 1818 1329 1918 Κυρίουο

206 1938 433 2039 συρίσαντος,
461 1941 520 2018 καὶ
549 1943 703 2042 ὡσπερεὶ
731 1939 1033 2040 παρορμήσαντος
1063 1943 1121 2019 καὶ
1150 1975 1306 2043 παρακε-

208 2063 429 2163 λευσαμένου
448 2067 579 2160 αὐτοῖς,
592 2070 637 2169 τῇ
656 2063 757 2170 χιύρρι
776 2069 892 2169 φησὶν
905 2067 1021 2144 αὐτῶν
1036 2065 1306 2164 ἐπελεύσεσθαι,

165 2188 264 2268 sadud
291 2189 334 2270 rb
360 2190 529 2271 τοιούτων
548 2191 653 2297 ἀξίαν
678 2192 871 2294 γεγονέναι.
933 2193 1006 2269 Καὶ
1025 2191 1305 2272 Ράιαπαύσεσθαι

203 2315 269 2401 τάς
296 2317 478 2420 εἰρημένας
506 2316 669 2416 δυνάμεις
692 2321 806 2422 φησὶν
830 2321 859 2398 ἐν
888 2318 1058 2426 φάραγξι,
1080 2325 1139 2397 καὶ
1169 2319 1199 2398 ἓν
1228 2319 1305 2425 spui·
1317 2358 1347 2392 10

203 2462 314 2542 γλαις
332 2443 466 2550 πετριῗιι,
487 2447 532 2528 είς
551 2479 587 2550 τρ
606 2443 653 2524 τα
671 2448 846 2538 σπήλαια,
869 2451 927 2526 καὶ
956 2452 998 2529 είς
1023 2448 1144 2524 πᾶσαν
1163 2441 1305 2552 ῥαγάἀα

204 2569 320 2659 aurcis,
339 2569 431 2648 κατά
448 2569 513 2666 μὲν
531 2568 697 2664 διάνοιαν,
716 2573 753 2648 ἐν
777 2577 854 2654 ταῖς
879 2573 1014 2675 ψυχαῖς
1045 2571 1163 2649 αὐτῶν
1182 2573 1241 2648 καὶ
1267 2574 1305 2650 s'u

201 2703 279 2779 τοῖς
295 2704 358 2775 τοῦ
376 2695 545 2791 σώματος
564 2694 760 2794 αἰσθήσεσι
783 2702 857 2779 τοῖς
878 2729 915 2774 τε
940 2703 1132 2794 λογισμοῖς
1151 2701 1209 2774 καὶ
1228 2705 1336 2781 suiad

200 2823 442 2924 διερρωγυίαις
475 2823 591 2900 αὐτῶν
616 2822 792 2918 διανοίαις,
826 2819 917 2900 κατὰ
949 2819 986 2898 δὲ
1018 2819 1084 2918 τὴν
1115 2821 1304 2925 πρόχειρον

243 2990 356 3126 model}
454 2995 531 3045 uror]
545 2991 605 3046 add.
623 2992 654 3046 P.
758 2987 818 3048 ⁰ds
832 2993 892 3065 τοῦ]
909 2987 941 3050 ἀς
954 3009 1007 3048 om.
1025 2992 1055 3045 Ρ.
1158 2991 1302 3050 Ράνοπαύ-

204 3091 258 3126 (mu
278 3095 304 3126 αὖ
344 3115 351 3127 ι

201 3199 302 3249 ventus
317 3192 496 3258 Emmanuel,
512 3201 678 3252 eventurum
701 3192 838 3268 praedicit.
880 3191 958 3262 Quid
979 3201 1075 3251 sutem
1096 3191 1175 3250 hoc?
1200 3193 1303 3259 Omnis,

201 3272 301 3346 inquit,
317 3275 392 3330 loom
406 3274 518 3331 Juduici
530 3275 634 3349 populi,
650 3275 677 3331 ιἰι
693 3293 747 3348 quo
761 3281 838 3329 οταιιι
853 3275 927 3329 mille
941 3275 1009 3329 uites
1020 3292 1076 3348 μτο
1090 3275 1165 3331 mille
1178 3276 1259 3342 siclis,
1275 3275 1303 3330 ιἰι

201 3355 453 3412 amalasuentam
476 3358 538 3418 crit,
553 3356 628 3422 etin
648 3357 762 3428 spinam.
806 3353 879 3409 Num
894 3370 954 3408 cum
968 3355 1072 3426 suqittu
1087 3360 1113 3409 et
1129 3371 1197 3409 arcu
1212 3356 1302 3428 ξαρνι-

200 3434 312 3490 dicutur
325 3434 391 3492 illuc
404 3439 529 3502 (constat
539 3453 606 3492 vero
619 3434 674 3492 hoc
688 3433 744 3490 dici
758 3434 793 3491 de
807 3433 951 3504 hostibus)
964 3433 1093 3505 quoniam
1108 3439 1183 3488 terra
1197 3435 1303 3488 inculto

202 3521 230 3569 et
242 3515 322 3587 spina
336 3517 387 3570 erit
401 3518 485 3571 omnis
499 3523 583 3572 terro.
627 3515 665 3572 Et
679 3533 749 3571 sane
768 3521 866 3588 spectu
879 3529 963 3585 quum
979 3511 1068 3566 multu
1081 3511 1111 3566 in
1126 3511 1172 3566 die
1186 3511 1301 3567 Emma-

201 3593 276 3659 nuel,
295 3594 372 3664 (dico
393 3603 487 3652 autem
511 3614 567 3670 quo
581 3603 709 3671 tempore
729 3593 867 3652 rationale
887 3591 983 3647 lumen
1002 3601 1046 3647 est
1060 3590 1209 3655 oriturum,
1225 3591 1302 3664 quod

201 3692 252 3747 per
266 3673 443 3732 Salvatorem
457 3684 586 3732 nostrum
601 3676 629 3732 in
644 3693 743 3732 omnes
762 3673 892 3730 homines
906 3670 1061 3742 eminebit.)
1079 3669 1099 3726 J
1102 3669 1207 3726 udaicae
1221 3672 1301 3746 genti

201 3761 337 3810 eventum
350 3756 496 3812 oraculum
509 3764 603 3812 cunst.
637 3755 801 3812 Immundas
814 3753 889 3810 enim
904 3760 989 3824 utque
1004 3751 1121 3808 hostiles
1134 3758 1300 3825 potestates,

201 3853 264 3908 qua
278 3835 419 3908 qnondam
434 3835 508 3893 inter
522 3845 624 3911 gentes
638 3835 789 3892 efficaciam
805 3852 884 3890 snum
899 3831 1069 3889 exercebant
1083 3839 1111 3888 et
1122 3831 1150 3886 in
1159 3831 1299 3906 AEgypto,

201 3914 272 3970 etin
287 3915 405 3990 regione
418 3916 610 3991 Assyriorum,
620 3916 743 3972 Domino
758 3915 887 3972 sibilante
902 3919 931 3969 et
946 3911 1025 3988 quusi
1040 3911 1201 3986 impellente
1216 3921 1300 3988 utque

201 3994 371 4052 adhortante
394 4013 451 4061 eas,
475 3995 622 4071 regionem
649 3995 775 4070 ipsorum
799 3996 945 4051 invasurus
973 3992 1022 4057 ait,
1047 4001 1197 4067 propterea
1224 3994 1301 4067 quod

202 4074 305 4132 talibus
319 4075 407 4150 digna
420 4077 551 4141 evaserit,
566 4076 735 4150 easdemque
756 4083 913 4149 potestates
932 4076 1069 4146 quieturos
1083 4074 1112 4130 ιἰι
1126 4073 1300 4138 convallibus,

200 4163 227 4210 st
238 4155 427 4229 foraminibus
446 4165 597 4230 petrarum,
612 4165 638 4213 et
658 4159 685 4212 in
709 4159 852 4228 speluncis,
867 4162 892 4210 el
907 4155 935 4210 ιἰι
950 4156 1023 4208 omui
1040 4154 1158 4210 scissura
1172 4156 1299 4226 ipsorum,

200 4233 236 4290 sd
250 4253 366 4292 sensum
380 4235 494 4310 quidem
509 4237 538 4292 in
553 4236 653 4293 animis
668 4236 803 4311 ipsorum,
816 4243 844 4292 et
858 4235 887 4290 in
902 4233 970 4308 ipsis
984 4234 1110 4308 corporis
1124 4233 1261 4300 sensibus,
1272 4241 1301 4288 et

199 4314 430 4390 cogitationibus,
455 4326 485 4373 et
506 4315 631 4374 discissis
653 4315 780 4391 ipsorum
807 4313 969 4372 mentibus:
1001 4312 1178 4370 adverbum
1205 4317 1300 4368 sutem
