3142 4720
331 1117 635 1202 ΕΤΣΕΒΙΟΤ
670 1119 795 1202 Tou
836 1117 1167 1201 ΠΑΜΦΙΛΟΎ

271 1369 744 1436 ΕὙΑΓΓΕΛΙΚΗΣ
799 1369 1235 1441 ΑΠΟΔΕΙΞΕΩΣ

654 1593 787 1640 ιιΤΟΜΟΣ
813 1585 848 1641 ς’.

203 1713 393 1850 ΣΑΦΩΣ
412 1767 449 1842 ἐν
462 1769 514 1869 τῷ
531 1763 683 1872 πέμπτιρ
701 1762 960 1867 συγγράμματι
974 1765 1037 1861 τῆς
1052 1762 1340 1863 ΕὐαγγελικῆςΡ·
1355 1781 1416 1853 257

199 1890 437 1996 Ἀποδείξεως
455 1889 653 1992 ὡρισμένου
667 1899 732 1968 τοῦ
745 1893 827 1993 περὶ
840 1888 985 1992 Πατρὸς
998 1890 1056 1967 καὶ
1070 1893 1161 1968 Υίοῦ
1173 1885 1319 1990 λόγους

198 2017 259 2092 καὶ
278 2019 373 2094 Θεοῦ
390 2013 455 2116 μέν
480 2014 557 2098 ἑνὸς
574 2025 638 2094 τοῦ
662 2017 719 2095 ἐπὶ
744 2013 890 2095 πάντων
908 2014 1194 2114 ὡμολογημένον,
1214 2019 1294 2094 δευ-

199 2138 304 2242 τέρας
334 2137 372 2218 δὲ
402 2141 476 2239 μετ’
504 2139 612 2219 αὐτὸν
644 2143 914 2244 ἀποδειχθείσης
947 2141 1071 2222 οὐσίας
1101 2140 1297 2241 ἡγουμένης

198 2269 272 2343 τῶν
299 2272 477 2365 γεννητῶν
504 2266 682 2364 ἁπάντων,
700 2265 746 2365 ἢν
772 2267 909 2373 σοφίαν
934 2271 1030 2346 Θεοῦ
1058 2266 1295 2368 πρωτότοκον,

198 2387 394 2490 ι’μονογενῆ
411 2425 451 2469 τε
472 2390 556 2487 υἱὸν,
568 2395 626 2471 καὶ
645 2389 741 2472 Θεὸν
758 2395 796 2471 ἐκ
811 2397 916 2486 Θεοῦ,
927 2391 1090 2492 μεγάλης
1103 2424 1141 2470 τε
1159 2397 1325 2488 βουλῆςο

197 2513 367 2616 ἄγγελον,
386 2519 445 2596 καὶ
469 2523 541 2596 τῶν
566 2518 642 2596 κατ’
663 2516 814 2620 οὐρανὸν
831 2523 1030 2620 οστρατιῶν
1051 2516 1217 2621 ἄρχοντα,
1237 2522 1296 2597 καὶ

196 2648 262 2719 τοῦ
288 2639 424 2742 πατρὸς
453 2639 641 2743 ὑπουργὸν,
661 2644 717 2720 ναὶ
744 2639 816 2740 μὴν
843 2644 902 2719 καὶ
932 2639 1066 2742 Κύριον
1091 2649 1162 2719 τῶν
1188 2640 1295 2739 ὅλων,

197 2767 257 2843 καὶ
275 2769 371 2844 Θεοῦ
391 2763 505 2866 λόγον
527 2770 584 2846 καὶ
603 2771 699 2846 Θεοῦ
718 2767 876 2864 δύναμιν,
895 2771 927 2843 οἱ
945 2773 1031 2846 θεῖοι
1052 2769 1296 2870 προηγόρευον

196 2887 312 2989 λόγοι,
331 2896 360 2970 εί
379 2897 522 2997 φανεῖεν
542 2895 600 2972 ε’πὶ
623 2899 688 2970 τοῦ
712 2891 888 2994 παρόντος
906 2896 941 2970 αἱ
960 2896 1179 2997 προφητικαὶ
1196 2928 1315 2997 μορ-5

194 3017 311 3117 τυρίαι
339 3015 434 3096 Θεὸν
459 3023 507 3100 εὶς
534 3017 743 3120 ἀνθρώπους
768 3019 965 3124 ἀφίξεσθαι
989 3016 1171 3114 μέλλοντα
1197 3053 1289 3121 προ-

195 3148 462 3246 αναφωνοῦσαι,
473 3143 585 3223 παντί
592 3177 644 3249 τιρ
658 3145 769 3242 δῆλον
783 3144 840 3222 ἐπὶ
853 3144 932 3221 τίνα
945 3141 1015 3245 χρὴ
1029 3140 1094 3242 τὴν
1107 3142 1294 3248 ἀναφορὰν

239 3321 255 3354 ⁸
267 3317 345 3385 τόμος
361 3315 386 3371 ς’
402 3317 513 3374 siuks.
596 3311 802 3390 ι)μονογενῆς8.
884 3318 1066 3391 θστρατειῶν]
1081 3320 1250 3391 στρατιῶνΡ.

673 3485 747 3542 LIB.
770 3485 822 3542 v1.

238 3595 323 3664 Quod
334 3597 370 3654 de
379 3599 463 3654 Putre
474 3615 507 3654 no
517 3597 542 3654 F
542 3597 590 3655 ilio
601 3598 750 3655 dioendum
764 3598 827 3660 fuit,
838 3597 867 3652 id
881 3597 964 3670 plone
975 3597 1035 3670 jam
1047 3596 1076 3651 in
1091 3595 1189 3668 quinto
1198 3597 1291 3653 Evau-

194 3674 295 3750 gelicu
315 3677 572 3734 Demonstrationis
589 3678 732 3735 volumine
751 3677 897 3734 definitum
918 3683 980 3732 eut:
1003 3687 1033 3732 et
1051 3684 1160 3748 patrem
1180 3675 1293 3747 quidem

194 3756 289 3812 Deum
303 3775 389 3813 uuum
404 3776 466 3814 esre
480 3758 618 3822 constitit,
633 3758 751 3815 ultorum
772 3767 868 3815 nutem
888 3764 991 3830 praeter
1008 3755 1086 3812 illum
1108 3763 1138 3812 et
1158 3773 1222 3811 oum
1243 3757 1293 3814 illo

193 3855 346 3910 personam
359 3855 431 3903 esee,
447 3857 509 3912 quae
527 3839 623 3894 omnia
642 3857 704 3912 quae
720 3838 796 3896 facto
814 3846 880 3894 sunt
894 3835 1052 3901 antecedat,
1067 3837 1292 3895 demonstratum

193 3923 257 3973 eet:
280 3935 363 3990 quum
377 3929 408 3974 et
421 3919 586 3992 sapientium
599 3918 655 3975 Dei
669 3919 887 3994 primogenitom
902 3927 931 3975 et
944 3917 1059 3974 unicum
1072 3917 1170 3981 filium,
1183 3917 1291 3975 Deum-

193 4014 250 4070 que
264 3995 300 4052 de
314 3997 386 4064 Deo,
396 4006 426 4055 et
440 3999 536 4073 magni
550 3999 659 4055 consilii
673 3999 815 4074 angelum,
829 4007 858 4055 et
871 3997 994 4054 ooelestie
1007 3996 1113 4054 militiae
1127 3998 1291 4072 prinoipem,

193 4085 224 4132 et
238 4076 326 4150 putris
340 4077 547 4144 administrum,
563 4079 599 4136 od
613 4079 674 4136 haeo
688 4088 717 4137 et
731 4078 886 4137 Dominum
902 4077 1033 4142 universi,
1048 4085 1078 4134 et
1089 4077 1143 4134 Dei
1155 4077 1290 4143 Verbum,

192 4163 225 4213 et
238 4156 292 4214 Dei
306 4157 449 4225 virtutem,
464 4159 560 4216 divino
572 4159 650 4234 prius
663 4159 842 4234 appellebant
855 4158 977 4215 oracula.
1020 4157 1052 4214 si
1066 4175 1136 4230 ergo
1150 4157 1205 4214 hoo
1218 4167 1291 4214 tem·

192 4254 264 4310 pore
277 4238 444 4312 prophetica
461 4240 546 4296 etiarn
566 4240 728 4296 testimonio
741 4240 834 4296 Deum
847 4239 884 4294 ud
897 4239 1027 4295 homines
1040 4237 1127 4293 tuisne
1141 4246 1291 4293 venturum

192 4317 359 4390 praedixisse
383 4320 601 4386 ostenderimus,
626 4329 687 4378 tum
709 4319 859 4394 unicuique
886 4319 1002 4393 planum
1028 4315 1121 4380 fuerit,
1146 4316 1182 4371 od
1207 4333 1291 4389 quem

235 4431 303 4470 ἵθῐι.
319 4433 354 4472 11.
783 4433 801 4470 B

763 4491 798 4571 θ’
