3144 4720
264 241 329 304 sio
713 203 908 308 nusum
1341 260 1508 326 Μη-

194 475 196 480 .
264 416 327 486 τοῦ
346 414 511 512 Σωτῆρος
529 412 629 509 ῆμῶν
646 414 769 511 Ἰησοῦ
788 417 952 514 Χριστοῦ
971 410 1187 510 διακομιδῆν,
1204 410 1269 508 τὴν
1289 407 1365 506 ἅμα

263 540 336 615 τοῖς
361 544 527 635 γονεῦσιν
551 542 599 618 εἷς
618 536 803 637 Αἴγυπτον
830 539 926 642 αὐτῷ
944 536 1197 636 γενησομένην·
1228 538 1266 614 ἐν
1282 536 1366 616 τού-

264 691 337 740 τοις
363 659 401 736 δέ
428 658 494 757 τῆν
516 659 689 740 ἐπάνοδον
714 662 798 767 ἑξῆς
820 666 878 740 καὶ
901 662 1107 746 ἀκολούθως
1130 661 1197 761 τῆν
1218 664 1278 742 ἀπ’
1300 667 1367 740 Ai-

264 781 412 882 γύπτου,
431 783 477 880 ἣν
500 782 574 882 ἅμα
598 795 672 870 τοῖς
697 795 865 888 γονεῦσιν
890 794 938 870 εἷς
956 786 1022 886 τῆν
1041 792 1110 890 γῆν
1131 797 1197 868 τοῦ
1212 785 1390 890 Ἰσροῆλς

265 907 469 1008 ἐποιήσατο,
488 911 644 1014 θεσπίζει
669 913 798 1011 λέγων,
820 913 906 997 Θῶς
930 908 1094 1021 ᾧόῆγησεν
1119 913 1216 994 αὐτόν
1240 915 1276 1019 ἐξ
1299 921 1362 992 Αἰ·
1563 995 1564 1004 ,

245 1033 408 1136 ςγύπτιυ.
452 1036 575 1119 Μόνος
588 1037 625 1114 δὲ
643 1033 688 1134 ἦν
708 1038 727 1115 5
747 1036 874 1141 Σωτὴρ
888 1040 946 1116 καὶ
958 1037 1092 1139 ’Κύριος
1110 1040 1367 1137 ῆμῶνἸησοῦς
1559 1061 1564 1098 t

268 1162 288 1237 5
306 1158 466 1263 Χριστὸς
484 1169 547 1240 τοῦ
561 1165 656 1239 Θεοῦ
675 1163 732 1239 καὶ
750 1159 829 1240 οὐδὲ
848 1161 972 1257 ἄλλος,
987 1163 1007 1240 5
1024 1165 1061 1240 ἐκ
1080 1170 1143 1242 τοῦ
1162 1161 1368 1264 σπέρματος
1380 1205 1412 1240 ιο

266 1283 420 1389 Ἰσραὴλ
438 1288 496 1365 καὶ
514 1294 577 1365 τοῦ
590 1287 769 1364 Ἰουδαίων
787 1285 908 1368 ἔθνους
926 1287 1124 1388 προελθὼν,
1139 1293 1197 1366 καὶ
1213 1295 1369 1368 πολλῶν

267 1411 544 1515 κατακυριεύσας
568 1413 690 1508 ἐθνῶν,
709 1408 803 1490 ὥστε
827 1410 1085 1516 ἀναμφιλόγως
1109 1415 1369 1514 ὁμολογεῖσθαι

266 1535 377 1638 πέρας
403 1536 495 1639 ἐχειν
523 1536 575 1614 ἐπ’
595 1537 690 1642 αύτῷ
713 1539 771 1614 καὶ
794 1533 860 1634 τῆν
885 1545 1076 1638 παροῦσαν
1089 1537 1290 1640 πρόρρησιν
1309 1543 1364 1617 δι-

267 1660 424 1763 αρρήδην
455 1663 689 1764 ἐκφωνοῦσαν
719 1661 772 1740 ότι
806 1659 850 1760 δὴ
879 1663 918 1740 ἐκ
945 1670 1009 1741 τοῦ
1031 1663 1212 1743 Ἰουδαίων
1245 1663 1368 1747 ἔθνους

268 1787 495 1890 ἐξελεύσεταί
510 1820 562 1869 τις
580 1785 777 1888 ἅνθρωπος,
796 1792 855 1866 καὶ
877 1787 1050 1888 κυριεύσει
1072 1789 1184 1867 ἐθνῶν
1200 1797 1364 1870 πολλῶν.
1376 1815 1486 1882 p·424

246 1909 318 1991 ιἯ
344 1911 478 2012 λεγέτω
503 1914 523 1990 5
550 1912 780 2011 βουλόμενος,
799 1919 828 1992 εἰ
854 1913 929 2017 ἐχοι
955 1915 1073 1994 ἄλλον
1091 1920 1278 2013 συστῆσαι
1294 1923 1369 1996 τῶν

267 2035 412 2116 πώποτε
429 2039 512 2138 παρ’
532 2039 712 2141 Ἑβραίοις
729 2036 884 2144 ἐνδόξων
901 2047 1053 2118 πολλῶν
1067 2043 1179 2118 ἐθνῶν
1195 2040 1367 2145 ἄρξαντα·

267 2164 350 2241 ἀλλ’
372 2165 434 2242 οῦκ
460 2161 504 2242 ἂν
524 2162 614 2242 εἴποι
639 2196 702 2260 τις,
722 2162 776 2242 ότι
799 2163 849 2262 μῆ
876 2163 914 2242 δὲ
939 2163 1098 2266 γέγονεν.
1147 2167 1232 2244 Ἐπὶ
1257 2164 1300 2244 δέ
1323 2195 1391 2267 γει

267 2295 331 2366 τοῦ
350 2293 515 2391 Σωτῆρος
533 2289 644 2386 ἡμῶν,
661 2287 749 2366 quniv
773 2289 870 2387 ἡμεῖς
894 2288 944 2388 μὴ
969 2287 1142 2390 λέγωμεν,
1162 2289 1252 2389 αύτῆ
1275 2325 1318 2392 γε
1342 2293 1366 2390 ἡ

268 2411 417 2509 ἀλήθεια
446 2411 574 2512 βοήσει
609 2419 667 2492 καὶ
694 2414 788 2515 με’γα
820 2414 1032 2520 κεκράξεται,
1064 2415 1226 2516 ἄντικρυς
1259 2449 1367 2518 παρι-

267 2542 398 2614 στῶσα
425 2535 524 2622 ’ὅπως
553 2539 575 2637 ῆ
600 2538 717 2624 ἔνθεος
747 2541 855 2618 αὐτοῦ
883 2537 1028 2636 δύναμις
1057 2537 1114 2618 διὰ
1139 2547 1203 2618 τοῦ
1230 2544 1366 2640 ἀναλη-

268 2659 420 2764 φθέντος
442 2663 537 2767 αύτῷ
563 2663 602 2739 ἐκ
629 2661 835 2765 σπέρματος
852 2659 1006 2762 Ἰσραὴλ
1034 2669 1098 2740 τοῦ
1122 2660 1213 2740 κατὰ
1245 2661 1366 2764 σάρκα

701 2845 762 2900 qd»
776 2847 830 2920 καὶ]
848 2847 894 2900 ndu
909 2845 940 2902 Ρ.

268 3009 336 3046 num
358 2991 488 3054 affirmat.
503 2989 658 3048 Snlvutoris
679 2991 769 3048 nostri
784 2991 854 3048 Jesu
875 2992 982 3049 Christi
1004 2989 1203 3065 migrationem
1224 3008 1282 3046 uun
1301 3008 1366 3045 cum

269 3069 432 3142 parentibus
447 3069 548 3125 suisio
563 3069 721 3145 AEgyptum
736 3071 776 3126 illi
790 3071 843 3145 ipsi
861 3072 985 3128 futurum
1006 3071 1158 3128 indienbnt.
1202 3069 1258 3125 Hic
1272 3077 1367 3126 autem

269 3148 391 3204 reditum
407 3148 442 3205 sb
456 3149 595 3223 AEgypto,
610 3159 642 3207 ut
656 3151 726 3207 ordo
747 3150 881 3224 postulat.
897 3170 954 3225 quo
967 3151 996 3206 in
1011 3159 1115 3208 terrum
1128 3149 1217 3206 Israel
1233 3167 1288 3204 una
1301 3167 1368 3205 oum

269 3228 432 3302 parentibus
447 3247 576 3285 reversus
589 3238 641 3295 est,
654 3230 730 3287 enuit
743 3230 788 3286 his
800 3231 902 3294 verbis,
912 3233 990 3287 Deus
1004 3233 1082 3286 duxit
1097 3231 1174 3285 ilium
1188 3229 1223 3284 ub
1233 3228 1367 3304 AEgypw.

270 3307 356 3365 Solus
376 3318 470 3365 nutem
491 3309 586 3365 extitit
601 3309 733 3366 Salvator
745 3321 774 3366 et
789 3311 928 3367 Dominus
948 3318 1047 3366 noster
1058 3310 1152 3372 Jesus,
1168 3308 1216 3382 qui
1236 3308 1368 3364 Christus

269 3397 314 3445 est
327 3387 391 3452 Dei,
405 3407 496 3462 neque
515 3389 586 3445 nlius
604 3396 741 3462 praeterea
755 3391 912 3463 quisquam,
928 3408 964 3445 ex
982 3389 1089 3446 semiue
1103 3389 1191 3444 Israel
1206 3396 1235 3444 et
1248 3387 1369 3444 Judsics
1421 3446 1426 3456 ,

270 3477 356 3542 gente
370 3468 521 3541 proiectus,
537 3469 584 3542 qui
599 3469 693 3526 multis
708 3469 867 3525 dominatus
882 3469 919 3525 sit
933 3470 1075 3543 gentibus,
1089 3480 1119 3524 ut
1133 3467 1239 3540 ubsque
1253 3467 1366 3523 haesito-

269 3547 347 3604 tione
360 3547 443 3604 futuri
458 3565 572 3604 necesse
591 3549 628 3604 sit
646 3566 772 3622 praesens
786 3548 948 3604 vstioinium
962 3549 992 3604 in
1007 3549 1055 3604 illo
1070 3547 1176 3604 exitum
1191 3565 1272 3602 suum
1288 3547 1367 3603 inve-

270 3627 355 3691 nisse,
379 3634 477 3700 utpote
501 3627 576 3701 quod
600 3628 691 3701 palum
714 3627 842 3683 enuntiet
869 3626 906 3684 de
930 3627 1049 3684 Juduioa
1075 3635 1161 3702 gente
1185 3643 1368 3700 egressurum

271 3707 411 3778 quendum
439 3707 593 3770 homiuem.
617 3717 646 3763 et
674 3706 883 3762 dominaturum
908 3707 1041 3780 gentibus
1066 3706 1177 3762 multis:
1200 3714 1248 3762 out
1275 3705 1368 3779 quivis

270 3785 339 3842 mihi
354 3785 438 3849 dicat,
453 3794 547 3841 utrum
568 3786 671 3842 habeut
685 3804 721 3841 ex
741 3785 776 3841 iis
795 3786 842 3858 qui
859 3789 933 3859 opud
948 3787 1086 3842 Hebroeos
1100 3803 1223 3858 unquum
1244 3784 1368 3842 illustres

270 3863 376 3921 fuerint
397 3864 482 3920 alium
511 3883 593 3938 quem
622 3865 754 3938 proferat,
778 3865 825 3938 qui
853 3865 1005 3922 multorum
1034 3864 1161 3939 gentium
1190 3863 1368 3920 dominatum

271 3943 419 4016 occeperit.
462 3944 550 4017 Atqui
571 3962 655 4000 nemo
677 3962 799 4017 unquam
820 3944 896 4001 istud
917 3945 1027 4008 dixerit,
1048 3943 1182 4018 quonium
1203 3961 1240 3999 ne
1260 3943 1368 4000 fuctum

271 4022 383 4094 quidem
399 4033 451 4078 est.
477 4024 518 4078 At
531 4041 598 4080 vero
613 4025 641 4079 in
657 4022 804 4079 salvatore
820 4030 927 4087 nostro,
942 4025 1026 4081 etiam
1043 4025 1066 4079 si
1081 4041 1133 4078 nos
1147 4021 1218 4077 nihil
1231 4020 1367 4086 dicamus.

270 4101 332 4172 ipsu
345 4109 439 4156 tumen
457 4101 638 4158 nihilominus
652 4103 755 4159 veritos
774 4103 905 4159 clamabit
919 4115 949 4159 et
962 4103 1144 4158 vehementer
1157 4099 1367 4164 vociferabitur,

270 4178 433 4250 planissime
446 4179 582 4247 indicans,
597 4182 834 4253 quemadmodum
848 4183 943 4239 divina
962 4182 1035 4237 iilius
1049 4181 1139 4237 virtus
1153 4180 1304 4254 perillum,
1319 4180 1369 4254 qui

160 4258 164 4268 '
271 4255 307 4308 sb
327 4255 389 4326 ipso
410 4257 445 4309 de
467 4257 572 4312 semine
590 4258 678 4313 Israel
700 4261 807 4316 ratione
827 4263 952 4332 corporis
972 4267 1134 4332 assumptus
1154 4267 1206 4322 est,
1223 4259 1369 4316 homiuem
