3108 4708
257 239 323 310 968
708 244 894 310 EUSEBII
1339 264 1371 326 p.
1382 261 1506 326 490-

255 446 333 514 μιν,
363 409 481 518 ίσχνρί
501 447 577 515 μιν,
607 415 695 490 iuuari
720 407 951 512 ι’γιιατιλιπές
975 445 1043 513 μις
1087 416 1213 490 Ταίντα
1240 409 1279 490 δὲ
1306 410 1363 490 ότι
1371 447 1403 509 p.
1413 443 1478 506 491

257 542 331 618 τοῖς
349 534 417 614 ὑπὸ
435 543 498 614 τοῦ
518 540 685 636 Σωτῆρος
703 537 804 634 ἡμῶν
827 535 919 614 κατὰ
936 534 999 614 τὸν
1016 545 1081 616 τοῦ
1104 536 1242 620 πάθους
1258 548 1360 616 ’και-

257 660 322 764 ρδν
348 662 539 764 εἰρημένοις
568 667 782 762 ίσοδυναμεΐ,
809 668 880 746 πᾶς
908 661 1010 744 ὅστις
1039 663 1103 742 οὖν
1132 662 1361 764 ὁμολογήσαι

220 789 315 868 ιοάν.
368 787 466 894 Ὥρα
498 796 686 892 τοιγαροῦν
716 785 975 893 ἀναμφιλόγως
1003 785 1067 867 τόν
1093 787 1253 887 Ψαλμὸν
1286 792 1359 869 οὐδ’

257 916 313 1021 ἐφ’
338 914 456 1017 ἕτερον
484 913 506 1015 ἢ
535 916 593 994 ε’πὶ
619 912 730 1013 μόνον
756 913 864 993 αι’ντὸν
892 914 1090 1020 ἀναφέρειν,
1116 913 1236 1014 ἐπειδὴ
1263 916 1384 1022 nitigis

257 1040 356 1148 μόνη)
368 1043 426 1120 καὶ
441 1042 513 1121 οὐδ’
526 1040 633 1148 ἑτέρῳ
647 1036 786 1143 ἁρμόζει
799 1039 845 1119 τὰ
858 1037 1143 1144 ἐμπεριεχόμενα.
1168 1035 1362 1142 Ἀντικριις

244 1175 346 1268 γοῦν
372 1169 425 1248 ἐπ’
446 1170 541 1275 αὐτῷ
558 1169 820 1271 πεπληρωμένα
846 1166 892 1248 τά
916 1201 955 1246 τε
977 1168 1078 1247 ἀλλα
1103 1171 1360 1266 ἀποδείιινινται,

258 1296 317 1373 καὶ
343 1292 387 1394 δὴ
409 1299 486 1374 Ιἰιαὶ
511 1291 554 1373 τό
579 1291 724 1401 φάσιιον
751 1298 789 1374 έν
815 1299 867 1402 τῷ
884 1299 1043 1400 Ψαλμῷ,
1064 1291 1285 1401 διεμερίσαντο
1313 1291 1362 1374 riu

259 1418 385 1524 ι’μάτιά
410 1459 476 1527 μιν
504 1421 644 1511 iuuenis,
673 1429 733 1501 uui
762 1423 818 1501 iuri
846 1420 900 1500 riu
926 1424 1112 1526 ἱματισμόν
1139 1459 1205 1527 μιν
1233 1421 1360 1514 ἔβαλον
1371 1455 1403 1489 1⁰

222 1579 249 1613 1¹
262 1545 387 1653 κλῆρον.
448 1550 521 1626 Καὶ
544 1545 610 1646 τὴν
635 1547 861 1652 κατάπαρσιν
884 1546 922 1626 δὲ
946 1553 1018 1628 τῶν
1043 1548 1151 1647 ἥλων,
1170 1552 1243 1626 τῶν
1266 1547 1361 1627 κατὰ

258 1680 332 1752 τῶν
349 1679 476 1777 χειρῶν
495 1676 553 1752 καὶ
569 1678 690 1754 ποδῶν
708 1677 765 1754 ἐπὶ
783 1684 846 1754 τοῦ
868 1684 1028 1778 σταυροῦ
1048 1675 1391 1777 προσηλωθέντωνο

258 1801 365 1907 αὐτῷ,
380 1797 569 1903 διαρρήδην
587 1802 749 1906 ἐμφαίνει
766 1801 916 1903 ιλέγων,
930 1801 1052 1908 ὤρυξαν
1070 1801 1187 1910 χεῖρόν
1205 1837 1281 1906 μιν,
1298 1809 1360 1881 καὶ

260 1922 372 2011 πόδας
401 1963 478 2030 μιν,
508 1926 719 2034 ἐξηρίθμησαν
746 1927 865 2008 πάντα
889 1926 936 2008 riu
964 1931 1050 2008 ὄστῖι
1078 1965 1153 2034 μιν.
1214 1931 1286 2006 Καὶ
1314 1928 1362 2006 τὰ

260 2051 371 2134 λοιπά
389 2052 427 2134 δὲ
448 2051 546 2162 μόνη)
570 2051 614 2134 ἀν
639 2053 844 2161 ἐφαρμόσαι
866 2056 972 2162 αὐτῷ,
991 2058 1039 2138 ὡς
1055 2051 1192 2158 προῖὼν
1210 2055 1230 2133 ὁ
1248 2052 1382 2155 λόγοςε

240 2178 499 2284 παραστήσει·
538 2178 562 2280 ἢ
592 2181 612 2259 ὁ
642 2181 861 2280 βουλόμενος
892 2182 948 2287 ἐφ’
975 2181 1094 2284 ἕτερον
1121 2178 1359 2280 ι’μεταλαβὼν

258 2306 467 2409 πρόσωπον,
486 2307 564 2406 ἤτοι
587 2307 769 2402 βασιλέως
792 2307 816 2408 ἢ
842 2305 1031 2414 προφήτου
1049 2305 1071 2407 ἢ
1094 2307 1156 2386 καί
1174 2340 1269 2391 τινος
1285 2315 1359 2388 τῶν

222 2433 404 2514 ιιπῶπστε
429 2431 529 2535 παρὰ
551 2433 732 2518 Ἰουδαίοις
760 2439 951 2540 θεοφιλῶν,
970 2433 1135 2513 δεικνύτω
1163 2441 1193 2513 εἰ
1221 2432 1293 2518 οἷός
1318 2469 1358 2513 τε

259 2559 312 2659 εἴη
336 2558 544 2666 ἐφαρμόζειν
565 2559 611 2639 τὰ
636 2560 941 2662 ἀναγεγραμμένα.
991 2561 1070 2639 Τίνι
1092 2559 1163 2662 γάρ
1181 2567 1254 2640 τῶν
1274 2561 1354 2641 uui·
1371 2597 1402 2632 ιο

300 2779 316 2824 t
330 2773 418 2844 καιρὸν
430 2789 484 2828 om.
500 2772 528 2827 S.
618 2779 633 2812 ¹
647 2773 687 2826 καὶ
702 2780 729 2826 et
742 2789 807 2826 mox
820 2774 858 2846 τῷ
870 2771 932 2826 add.
945 2771 976 2824 P.
991 2777 1022 2824 ut
1035 2770 1109 2841 vulg.
1123 2770 1152 2824 S.
1244 2781 1259 2813 ⁸
1272 2771 1359 2842 λέγων

260 2851 440 2924 διεμερίσαντο
453 2854 486 2907 rii
500 2854 587 2922 ίμάτιά
599 2874 649 2920 μου
659 2854 758 2908 έιιιιτοῖς
773 2853 813 2906 καὶ
827 2851 869 2906 tut
881 2852 928 2904 τὸν
937 2853 1076 2920 ἱματισμόν
1085 2870 1136 2920 μου
1148 2851 1245 2915 ἔβαλον
1253 2852 1358 2922 κλῆρον.

261 2931 302 2984 καὶ
316 2930 417 3002 ὤρυξαν
428 2933 489 2987 RS.
582 2927 598 2974 b
611 2931 779 3005 μεταλαβεῖν]
795 2933 949 3000 μεταλαβὼν
963 2931 994 2985 P.

261 3116 343 3163 meus,
360 3097 448 3174 sortia
467 3117 551 3164 meur,
574 3117 659 3173 quare
678 3101 845 3176 dereliquisti
864 3102 932 3157 me?
952 3099 1040 3156 Porro
1061 3099 1138 3174 qnod
1155 3097 1217 3156 haec
1230 3089 1360 3155 ¹eandem

261 3197 325 3234 curn
340 3178 383 3244 iia,
395 3197 457 3252 ηοω
472 3179 610 3254 passionis
620 3187 749 3253 tempore
761 3199 779 3236 a
793 3181 942 3238 Salvatere
954 3187 1054 3236 nestro
1065 3179 1141 3236 dieta
1150 3187 1226 3243 eunt.
1236 3177 1361 3234 habeant

260 3257 329 3325 vim,
337 3277 421 3315 nemo
436 3260 532 3334 ntique
546 3260 702 3335 negaverit.
723 3260 846 3334 Tempus
860 3260 947 3336 igitur
958 3261 1018 3336 jam
1032 3278 1107 3316 nunc
1120 3258 1206 3316 inerit
1216 3259 1360 3316 Psalmnm

261 3339 354 3414 ipsum
369 3339 474 3414 absque
488 3339 681 3398 controversia
693 3341 730 3398 ad
745 3341 830 3398 alium
845 3341 953 3397 nullum
972 3340 1078 3398 referre
1097 3357 1181 3414 quam
1202 3339 1239 3395 ad
1256 3339 1357 3394 illum:

262 3421 488 3495 quandoquidem
508 3419 548 3476 illi
569 3422 618 3478 uni
639 3429 668 3478 et
687 3421 755 3477 nulli
774 3431 911 3495 praeterea
931 3419 986 3486 alii,
1002 3439 1065 3494 ηοω
1077 3420 1107 3476 in
1121 3439 1155 3476 eo
1169 3419 1359 3484 continentur,

262 3502 445 3558 conveniunt.
488 3500 654 3558 Plenissime
668 3501 755 3576 igitur
768 3501 797 3557 in
812 3501 860 3557 illo
875 3519 960 3576 quum
976 3501 1031 3557 alia
1044 3500 1186 3574 completa
1206 3517 1269 3556 ease
1290 3517 1361 3554 eon.

262 3589 328 3644 etat.
344 3601 406 3656 ηοω
420 3581 449 3637 in
463 3581 518 3637 hoe
532 3581 645 3638 Psalmo
664 3581 808 3656 leguntur,
823 3591 884 3637 tum
899 3599 966 3638 vero
980 3581 1066 3637 etiam
1082 3579 1151 3636 illud
1166 3580 1242 3653 qnod
1255 3579 1296 3635 ita
1309 3577 1360 3646 ait,

263 3659 429 3718 Diuienuut
441 3664 598 3718 vestimentu
611 3681 671 3718 mea
685 3662 746 3726 eibi,
760 3669 787 3717 et
800 3679 881 3735 super
894 3669 990 3718 vestem
1004 3679 1091 3717 meum
1104 3659 1236 3716 miserunt
1248 3667 1358 3716 εονιειιι.

261 3739 469 3816 Trajectionem
485 3759 551 3798 vero
565 3741 708 3798 clavorum
726 3741 773 3816 qui
794 3740 868 3798 illins
888 3740 1018 3798 manibus
1039 3759 1072 3797 ae
1087 3738 1205 3814 pedibus
1225 3738 1255 3795 in
1275 3757 1360 3795 cruce

262 3822 339 3879 affixi
360 3830 427 3879 sunt
447 3821 656 3879 evidentissime
677 3821 791 3886 indicat,
813 3821 881 3877 dnm
903 3821 950 3887 ait,
966 3822 1102 3878 Foderunt
1121 3837 1218 3876 manue
1239 3827 1362 3876 mearet

256 3905 340 3975 pedes
359 3921 440 3967 ιιιιοι,
456 3904 693 3959 dinumeraverunt
715 3903 805 3958 omnin
825 3919 885 3957 οιεα
905 3919 975 3957 mea.
1019 3899 1067 3957 Sia
1088 3900 1173 3956 etiam
1190 3898 1297 3972 reliqna
1311 3899 1361 3954 uni

261 3979 302 4036 illi
323 3999 375 4038 nec
396 3981 443 4038 ahi
463 3982 584 4056 cuipiam
605 3989 742 4056 praeterea
762 3981 938 4046 convenient,
953 3980 1191 4055 quemadmodum
1209 3997 1362 4054 progressa

262 4058 375 4134 longina
389 4062 480 4118 oratio
497 4061 710 4126 demonstrabit.
726 4069 776 4118 aut
793 4071 869 4119 certe
890 4061 980 4136 quivis
1001 4078 1053 4116 auo
1075 4059 1211 4116 arbitratu
1232 4058 1360 4133 quamvis

262 4137 345 4192 aliam
359 4138 484 4210 proferat
497 4160 648 4213 personam
662 4150 712 4199 aut
724 4142 811 4215 regis,
827 4149 876 4198 aut
889 4141 1045 4216 prophetae.
1061 4147 1109 4197 aut
1130 4139 1248 4213 alicujus
1261 4157 1361 4196 eorum

263 4214 310 4283 qui
324 4213 465 4285 quondam
487 4219 560 4286 apud
574 4221 690 4276 Judaeoa
704 4221 757 4276 Dei
775 4221 856 4278 amici
876 4231 905 4278 et
921 4221 1073 4277 familiares
1093 4220 1249 4283 extiterint,
1265 4226 1361 4275 osten·

263 4289 375 4360 datque,
393 4287 417 4342 Εἰ
441 4295 539 4360 possit.
562 4313 676 4366 eaquae
701 4299 741 4354 ita
760 4301 901 4373 descripta
921 4307 987 4357 eunt
1010 4300 1075 4356 huie
1097 4299 1257 4357 convenire.
1301 4297 1361 4355 Sed
