3132 4714
253 247 317 312 628
699 247 883 312 EUSEBII
1327 265 1406 329 P·3¹
1411 266 1431 329 5
1445 281 1496 294 —-

244 414 378 515 Ἀχαζ,
396 418 432 486 οῦ
447 417 491 499 μῆ
509 419 644 498 αι’τῆσιο,
662 413 734 486 ouidi
754 417 797 496 μῆ
815 412 960 510 πειράσαι
978 415 1111 510 Κύριον.
1163 413 1231 482 Καὶ
1249 410 1346 494 εἶπεν,

251 532 440 602 Ἀκούσατε
452 531 489 612 diu
502 531 587 607 οἶκος
598 529 721 618 Δαβίδ,
731 532 775 614 μῆ
788 529 902 625 μικρὸν
914 533 984 612 ύμῖν
997 530 1178 626 ἆνθριῦποις
1191 530 1346 624 παρέχειν
1358 561 1388 594 ιο

253 648 365 740 «ipim
388 647 441 717 sai
465 652 532 722 πῶς
552 646 663 742 Κυρίῳ
692 645 859 742 παρέχετε
886 646 1020 737 (ipsium
1047 643 1098 714 ded
1124 651 1226 714 τοῦτο
1252 641 1345 714 (λύσει

253 761 375 856 Κύριος
402 760 498 834 atris
521 765 599 842 ,ύμῖν
625 771 767 844 σημεῖον.
816 759 904 830 Ἰδοὺ
932 765 949 841 ῆ
980 760 1139 856 παρθένος
1165 761 1197 829 ἐν
1218 759 1377 854 γαστρίί)

251 874 415 968 λήψεται,
442 878 493 947 καί
518 875 649 970 τέξεται
680 874 755 958 uide,
786 878 837 946 uui
868 877 1015 952 καλέσεις
1043 874 1085 945 τῦ
1116 877 1218 958 ὄνομα
1248 877 1347 944 αύτοῦ

252 989 474 1074 Ἐμμανουήλ·
501 992 663 1086 βούτυρον
691 991 742 1060 καὶ
773 992 850 1072 μέλι
882 987 1044 1086 φάγεται,
1074 993 1152 1084 πρὶν
1182 990 1199 1070 ip
1230 994 1346 1080 ‘pudeat

252 1104 349 1176 αὑτὸν
379 1105 397 1186 ip
428 1106 628 1201 προελέσθαι
659 1104 796 1201 πονηρὰ,
826 1104 990 1199 έκλέξεται
1020 1103 1063 1176 τῦ
1092 1105 1231 1195 ἀγαθόν·
1261 1102 1370 1179 deiris

251 1221 363 1316 πρίνῆ
386 1226 502 1314 γνῶναι
525 1218 568 1291 τῦ
590 1218 718 1290 παιδίον
735 1219 864 1312 ἀγαθὸν
884 1221 902 1301 in
925 1219 1030 1304 κακὸν,
1048 1221 1176 1291 ἀπειθεῖ
1196 1221 1346 1313 πονηρίᾳ,

250 1343 313 1406 τοῦ
334 1333 529 1430 ἐκλέξασθαι
552 1333 594 1405 τῦ
618 1335 756 1423 ἀγαθόν.
810 1335 879 1405 Καί
896 1339 1231 1430 ῐΙικαταλειφθήσεται
1254 1338 1344 1425 ῆγῆ,

249 1453 286 1532 ῆν
303 1451 344 1520 σῦ
361 1453 468 1547 φοβῆ,
486 1448 554 1522 ἀπὸ
572 1453 753 1545 προσώπου
770 1456 835 1520 τῶν
853 1450 907 1520 dsio
925 1451 1099 1536 βασιλέων.

211 1615 241 1662 ιε
309 1589 380 1662 Καὶ
396 1583 443 1663 τὰ
461 1582 526 1681 μὲν
544 1589 606 1679 τῆς
624 1585 842 1687 προφητείας
861 1579 934 1660 ὧδέ
946 1616 997 1680 πη
1015 1578 1118 1684 εἶχεν.
1169 1583 1344 1677 Ἑπιστῆ-

248 1743 313 1788 σαι
331 1708 369 1787 δέ
394 1710 412 1738 ''
434 1743 486 1787 ιον
505 1716 555 1813 τῷ
580 1717 643 1786 τοῦ
669 1707 781 1809 λόγου
806 1711 979 1814 προοιμίῳ
997 1707 1253 1811 μαρτυραμένιρ
1271 1714 1344 1788 τοῖς
1355 1747 1386 1780 ιο

247 1835 533 1939 ἐντυγχάνουσιν,
553 1835 607 1913 ὅτι
634 1835 688 1914 iios
706 1833 752 1938 μῆ
776 1835 1009 1924 πιστεύσωσιν,
1041 1829 1110 1912 uicit
1136 1831 1183 1936 μῆ
1210 1832 1371 1910 curione

248 1963 321 2038 Καὶ
346 1963 544 2062 ἀναγκαίαις
561 1967 652 2064 χρῆν
670 1961 972 2059 ἐπισημήνασθαι,
991 1958 1191 2040 δεικνύντας
1214 1957 1269 2036 ὅτι
1293 1957 1343 2056 μῆ

245 2083 356 2182 μόνον
373 2083 562 2182 συνέσεως,
581 2083 682 2164 ἀλλὰ
704 2089 761 2163 καὶ
788 2087 943 2168 πίστεως
969 2091 1023 2164 δεῖ
1043 2093 1116 2166 τοῖς
1141 2083 1342 2188 ἐντευξομεῖ

217 2269 221 2280 .
244 2244 327 2307 νοις,
346 2213 404 2288 καὶ
422 2211 464 2288 οῦ
482 2209 591 2308 μόνον
609 2213 775 2308 πίστεως,
795 2210 894 2290 ἀλλὰ
912 2214 969 2289 καὶ
987 2211 1178 2292 συνέσεως.
1226 2205 1343 2286 Ὅθεν

244 2339 277 2413 oi
304 2339 343 2413 ἐκ
370 2341 560 2436 περιτομῆς
587 2335 637 2435 μὴ
662 2335 920 2417 πιστεύσαντες
945 2343 991 2419 είς
1015 2333 1077 2414 τὸν
1095 2333 1259 2437 Χριστὸν
1278 2343 1364 2417 τοῦε

245 2465 349 2556 Θεοῦ,
370 2460 477 2539 είσέτι
505 2465 563 2539 καὶ
592 2470 653 2539 νῦν
678 2462 812 2540 τούτων
835 2461 1060 2564 ἀκροώμενοι,
1080 2464 1178 2540 οὔπω
1207 2462 1265 2539 καὶ
1293 2467 1342 2542 eis

244 2590 345 2689 δεῦρο
376 2591 536 2684 συνῆκαν
567 2585 630 2665 τὸν
661 2585 981 2692 προφητευύμενον,
1011 2585 1108 2666 ὥστε
1140 2589 1192 2665 ἐπ’
1225 2587 1342 2668 αὐτοῖς

205 2713 395 2814 amputem
419 2715 661 2811 ε’παλῆθεῦσαι
685 2710 750 2809 τῆν
768 2710 979 2820 πρόρρησιν.
1036 2713 1150 2814 Ἀκοῆ
1174 2708 1245 2811 γὰρ
1269 2717 1342 2788 τῶν

242 2843 322 2940 περὶ
339 2848 403 2918 τοῦ
422 2844 585 2941 Χριστοῦ
609 2845 836 2944 προφητειεῦν
859 2836 918 2917 διὰ
942 2835 1064 2936 πάσης
1090 2838 1219 2938 ἡμέρας
1236 2835 1340 2914 ἀκού·
1352 2875 1384 2910 ιο

635 2981 901 3054 111κοταληφθῆσεται
917 2984 946 3037 Ρ.

242 3093 354 3150 Dauid:
378 3113 441 3150 num
463 3114 560 3170 pamm
583 3095 657 3150 uobis
677 3101 724 3158 est,
748 3093 898 3149 dominibus
920 3093 1041 3150 exhihere
1062 3097 1225 3152 certamen?
1245 3103 1271 3150 et
1293 3113 1343 3150 eur

244 3173 365 3229 Domino
392 3174 520 3230 eniiibetis
544 3173 705 3230 certamen?
734 3181 847 3248 propter
868 3173 917 3228 isos
938 3175 1014 3230 dabit
1033 3175 1167 3230 Dominus
1191 3179 1246 3246 ipse
1267 3175 1341 3231 vodis

241 3255 356 3326 sipuum.
372 3254 443 3309 Ecce
455 3256 532 3325 virgo
553 3257 580 3308 in
598 3261 675 3310 utero
693 3257 789 3327 capiet,
805 3262 832 3309 et
849 3256 941 3327 pariet
952 3255 1055 3327 fitium,
1070 3261 1096 3312 et
1117 3256 1225 3311 voeatis
1245 3273 1340 3310 nomem

242 3330 298 3404 ejus
318 3333 487 3398 Emmanuel,
507 3333 631 3408 butyrum
653 3343 680 3390 et
701 3332 754 3388 mei
773 3337 900 3396 cosnedet,
921 3337 998 3408 prius
1018 3353 1099 3408 quam
1122 3342 1266 3410 capnoseat
1284 3337 1341 3409 ipse

241 3421 290 3469 aut
310 3413 394 3488 stipat
415 3415 499 3478 nuato,
518 3423 549 3469 ut
569 3414 666 3488 seligat
683 3413 796 3468 ionum:
819 3416 884 3487 quia
904 3415 984 3488 prius
1006 3433 1088 3488 quam
1106 3423 1250 3489 eoquosaat
1269 3433 1340 3489 puer

241 3493 340 3550 bonum
364 3501 413 3551 out
431 3495 539 3558 inuium,
561 3513 613 3548 ιιοιι
633 3501 672 3550 est
694 3493 815 3549 obediens
836 3493 957 3557 malitia,
979 3502 1009 3549 ut
1029 3495 1128 3567 seligat
1150 3496 1255 3550 bonum.
1296 3494 1339 3550 Et

241 3573 480 3649 comprehendetur
492 3582 577 3638 terra,
593 3592 673 3647 quam
690 3581 719 3628 tu
734 3573 813 3628 times
827 3591 844 3626 ο
857 3572 938 3646 socie
951 3575 1068 3629 duorum
1082 3591 1181 3648 regum.
1224 3573 1262 3630 Et
1276 3592 1339 3648 quae

241 3653 354 3725 quidem
369 3654 405 3710 nd
418 3653 596 3728 prophetiam
607 3653 750 3727 pertinent
764 3653 792 3707 in
808 3652 882 3708 hunc
893 3653 1009 3709 modum
1025 3671 1055 3709 ee
1069 3653 1184 3710 habent.
1207 3653 1337 3728 Diligen-

241 3732 297 3788 tius
311 3751 379 3790 vero
401 3732 546 3790 attendere
568 3751 619 3806 pur
640 3742 683 3789 eet
703 3732 790 3805 ipsius
812 3733 917 3788 oraculi
938 3733 1095 3798 exordium,
1114 3733 1190 3807 qnod
1209 3733 1339 3808 legentes

241 3811 383 3877 admonet,
394 3815 424 3869 Si
439 3831 492 3868 nou
508 3813 679 3877 crediderint,
695 3831 727 3868 oe
741 3812 924 3869 intellecturos
938 3813 1045 3887 quidem
1059 3831 1123 3870 esse.
1154 3813 1191 3869 Et
1206 3831 1273 3870 eune
1287 3812 1337 3869 ad-

241 3899 341 3948 notare
355 3910 469 3950 neeesse
484 3893 536 3948 suit
557 3900 641 3966 atque
662 3892 911 3965 ostenderequod
934 3912 991 3949 non
1013 3893 1105 3950 solum
1124 3892 1267 3950 intellectu
1288 3894 1339 3948 sed

242 3969 327 4026 etiam
350 3971 404 4028 fide
425 3973 467 4038 iis,
482 3973 529 4047 qui
550 3973 650 4029 lecturi
672 3981 746 4035 eunt,
761 3989 832 4045 opus
850 3972 895 4037 eit,
910 3983 938 4029 et
953 3971 1084 4036 vicissim,
1101 3991 1157 4029 non
1177 3973 1268 4029 solum
1283 3973 1339 4029 tide

243 4049 391 4106 sedetiam
407 4052 559 4108 intellectu.
603 4053 646 4108 Ex
662 4071 718 4125 qno
732 4051 824 4108 Judaei
838 4053 886 4125 qui
902 4053 932 4108 in
947 4053 1092 4109 Christum
1108 4053 1160 4109 Dei
1174 4072 1232 4109 non
1247 4053 1337 4109 credi-

243 4128 345 4186 dauns
361 4131 445 4186 etiam
467 4150 542 4186 nune
563 4131 625 4188 hese
644 4132 799 4195 audientes,
821 4131 947 4188 nondum
964 4141 1059 4189 temen
1081 4133 1142 4206 quie
1164 4133 1210 4197 eit,
1226 4133 1261 4189 de
1282 4151 1339 4207 quo

242 4207 380 4280 propheta
400 4209 532 4282 loquitur,
547 4210 754 4274 intellexerunt,
776 4220 808 4267 ut
830 4211 858 4266 in
879 4213 949 4286 ipsis
971 4213 1068 4288 psimie
1087 4213 1235 4269 veritatem
1257 4231 1339 4269 suem

241 4285 402 4358 probaverit
417 4288 596 4344 vaticinium:
619 4289 715 4346 auditu
738 4291 813 4346 enim
834 4299 895 4348 tote
917 4291 962 4347 die
984 4293 1146 4366 prophetias
1168 4293 1203 4349 de
1222 4294 1340 4349 Christo
