3130 4722
52 307 92 320 “
106 289 189 354 354·
442 277 669 343 DEMONST.
695 277 865 343 EVANG.
889 280 972 344 VII.
987 300 1018 365 3.
1240 281 1304 345 707

200 439 287 529 αὑτῷ
309 429 414 510 πάσοι
442 443 477 510 οἱ
499 442 603 537 φυλαί
621 450 680 524 τῆς
701 450 772 534 γῆς,
791 441 901 513 πάντα
924 441 968 513 τὰ
993 443 1065 522 ἔθνη
1090 446 1303 536 μακαριοῦσιν

231 553 239 576 .
274 553 283 578 ι

201 583 309 625 awo?-

157 714 187 750 ²¹
255 681 401 782 Ἐπειδὴ
419 684 619 786 γέγραπται
639 692 687 769 εἰς
705 683 926 784 ΙΙΣολόμωνα
945 689 965 765 ὁ
983 685 1150 783 Ψαλμὸς,
1166 687 1186 763 ὁ
1204 692 1325 788 πρῶ-5

199 843 261 892 τοι·
289 819 353 889 τοῦ
382 816 542 908 palpo&
571 813 697 915 στίχος
727 818 774 894 είς
803 812 913 891 αὑτὸν
943 813 1166 918 ἀναφέροιτο,
1192 812 1237 890 τά
1264 811 1304 891 δὲ

200 933 354 1032 ἑπόμενα
371 934 489 1015 πάντα
508 943 554 1020 είς
571 935 634 1017 τὸν
653 935 727 1016 υἱὸν
747 938 973 1034 Σολόμωνος,
993 940 1034 1017 οὐ
1053 937 1116 1016 τὸν
1129 937 1301 1035 Ῥοβοάμ,

201 1060 241 1144 ὃς·
267 1064 340 1160 μετ’
363 1061 471 1142 αὐτὸν
497 1064 715 1159 ἐβασίλευσε
744 1062 826 1142 ἰτοῦ
850 1063 1015 1166 Ἰσραὴλ,
1043 1062 1145 1142 ἀλλὰ
1173 1062 1237 1142 τὸν
1263 1068 1302 1143 ἐκ

199 1188 406 1291 σπερματος
432 1191 540 1269 αὐτοῦ
564 1187 655 1269 κατά
681 1187 801 1292 σάρκα
827 1187 1018 1291 γενόμενον
1045 1186 1109 1268 τδν
1137 1189 1301 1289 Χριστὸν
1314 1225 1342 1258 ¹0

158 1321 263 1395 uror]
290 1321 398 1395 θεοῦ.
451 1313 540 1396 Ὅτι
559 1316 630 1417 γάρ
654 1318 717 1396 οὐκ
742 1319 798 1396 ἐπὶ
820 1315 883 1394 τὸν
908 1316 1117 1413 Σολόμωνα,
1138 1313 1216 1394 οὐδὲ
1244 1318 1300 1394 ἐπὶ

200 1440 263 1520 τὸν
275 1442 402 1521 τούτου
421 1440 587 1546 διάδοχον
600 1440 788 1547 ἀναφέρειν
807 1439 956 1520 δυνατὸν
969 1439 1018 1522 τά
1037 1441 1075 1518 ἐν
1087 1445 1139 1546 τῷ
1154 1445 1302 1546 Ψαλμῲ

200 1565 257 1646 διά
283 1566 328 1646 τά
353 1572 434 1668 περὶ
459 1568 568 1647 αὐτοῦ
592 1565 816 1666 δεδηλωμένα
840 1569 951 1650 πᾶςά
973 1564 1023 1664 μὴ
1049 1563 1326 1663 ἀνεπιστήμονα

199 1699 272 1772 τῶν
289 1694 392 1772 θείων
411 1693 631 1794 ὁμολογήσει
648 1700 812 1799 γραφῶν.
857 1691 980 1772 Ἀλλά
998 1695 1057 1771 καὶ
1075 1698 1152 1775 πῶς
1170 1690 1246 1770 οἷόν
1262 1725 1301 1770 τε

198 1820 256 1896 ἐπὶ
278 1819 478 1916 Σολόμωνα
505 1817 528 1917 ἦ
557 1821 615 1898 ε’πὶ
640 1817 703 1898 τὸν
726 1818 854 1898 τούτου
879 1816 955 1897 νίὸν
973 1815 1135 1912 Ῥοβοάμ
1162 1819 1298 1914 ἐκλαμ-

197 1944 321 2035 βάνειν
347 1943 393 2023 τά
417 1943 639 2050 ἐμφερόμενα
665 1946 706 2024 δι’
727 1943 816 2023 ὅλου
842 1949 906 2023 τοῦ
930 1948 1116 2040 Ψαλμοῦ;
1149 1941 1223 2022 οἷον
1248 1941 1323 2039 τδ,5

200 2069 459 2174 Κατακνριειίσει
492 2074 562 2149 ἀπὶ
600 2067 780 2161 θαλάσσης
814 2067 873 2153 ἕως
908 2067 1100 2160 θαλιίσσης,
1136 2075 1195 2146 καὶ
1229 2069 1301 2148 ἀπὶ

197 2197 355 2298 ποταμιὸ
374 2193 434 2288 ἕως
452 2195 599 2300 περιίτων
617 2195 674 2288 τῆς
694 2193 891 2298 οἰκουμένης.
944 2197 1016 2273 Καὶ
1040 2195 1093 2290 τὸ,
1109 2204 1302 2299 Συμπαρα-

197 2325 288 2423 μενεῖ
302 2327 348 2428 τῷ
364 2325 458 2429 ἡλίῳ,
481 2333 540 2402 καὶ
561 2323 622 2426 opi
642 2321 700 2414 τῆς
721 2324 855 2414 σελήνης
874 2325 993 2423 γενεῖις
1011 2321 1136 2423 ymerii,
1153 2323 1211 2399 καὶ
1229 2318 1302 2398 ὅσα

157 2445 299 2530 ἰάλλα
320 2445 457 2530 τούτοις
480 2447 584 2544 ὅμοια
609 2451 820 2548 ε’πιλέγεται.
881 2447 1020 2550 Διόπερ
1044 2448 1341 2541 ἀβασανίστωςιο

197 2574 387 2671 ἀποδοθείη
403 2570 448 2651 ἀν
466 2575 486 2651 ὁ
505 2571 570 2668 μὲν
587 2571 743 2678 φάσκων
760 2575 799 2651 ἐν
817 2575 912 2677 ἀρχῇ
927 2581 991 2651 τοῦ
1006 2578 1166 2670 Ψαλμοῦ
1181 2571 1300 2673 λόγος,

196 2697 240 2776 ‘0
260 2697 345 2780 Θεδς
364 2699 399 2776 ri
428 2701 534 2801 κρίμα
559 2735 618 2777 σου
643 2706 689 2805 τῷ
711 2695 950 2790 βασιλείδας,
971 2699 1023 2776 ἐπ’
1045 2695 1152 2775 αὐτὸν
1171 2699 1301 2775 ἐκεῖνον

198 2821 410 2920 Σολόμωνα·
442 2825 462 2902 ὁ
492 2823 668 2924 ἐπιλέγων
697 2824 743 2918 δὲ,
770 2833 829 2902 καὶ
860 2821 911 2917 rip
941 2819 1143 2912 δικαιοσύνην
1169 2858 1227 2900 σου
1256 2831 1302 2930 τῷ

299 2973 469 3048 ΙΙσολομιῖινιι
485 2979 512 3032 S.
527 2978 574 3050 qui
588 2997 650 3032 mox
665 2980 817 3044 σολόμῶνος
831 2989 858 3034 et
872 2981 1020 3047 coloprino.
1103 2973 1111 3016 i
1125 2978 1155 3030 τὸ
1171 2979 1198 3031 S.

199 3125 290 3164 onrnes
304 3109 390 3164 ιτίὁιιι
403 3115 493 3176 terro,
510 3125 599 3164 omnes
609 3115 702 3182 genter
717 3108 907 3178 διαιριοοὸαοι
921 3127 991 3164 eum.
1034 3107 1158 3176 Quando
1180 3127 1250 3184 ergo
1272 3108 1301 3164 in

199 3186 383 3245 Solomonem
400 3189 521 3261 scriptus
539 3197 583 3244 est
598 3188 736 3252 Psalmus,
751 3187 858 3262 primus
872 3188 975 3246 Psalmi
990 3189 1144 3246 versiculus
1165 3189 1202 3245 ad
1223 3189 1301 3246 illum

198 3269 345 3332 reseratur,
361 3287 423 3343 quae
438 3287 506 3326 vero
527 3277 683 3342 sequuntur
697 3269 793 3325 omnia
806 3269 843 3325 ad
856 3269 944 3326 filium
960 3268 1131 3334 Solomonis,
1147 3289 1205 3326 non
1221 3271 1299 3326 Rho·

197 3348 291 3414 boam,
307 3349 355 3423 qui
370 3357 435 3423 post
448 3349 527 3405 illum
542 3349 673 3423 regnavit
684 3349 711 3405 in
725 3348 914 3415 Hierusalem,
926 3350 976 3406 sed
990 3348 1027 3405 ad
1041 3367 1115 3412 eum,
1128 3351 1176 3422 qui
1190 3350 1224 3405 de
1239 3351 1300 3423 ejus

198 3429 305 3486 semine
324 3429 435 3486 ratione
455 3429 587 3486 humnnoe
601 3437 709 3486 naturae
724 3429 869 3504 profectus
883 3437 936 3492 est,
951 3429 1097 3485 Christum
1111 3429 1175 3484 Dei.
1214 3428 1300 3497 Quod

198 3509 274 3566 enim
289 3529 380 3584 neque
395 3510 432 3567 ud
443 3509 638 3575 Solomouem,
649 3529 742 3586 neque
756 3510 792 3566 ad
803 3511 864 3584 ejus
876 3526 1066 3565 successorem
1078 3508 1175 3565 referri
1189 3509 1301 3581 possint

198 3607 241 3654 ea,
255 3609 317 3664 quae
333 3591 362 3646 in
375 3589 488 3648 Psalmo
509 3591 698 3654 continentur,
714 3599 832 3665 propter
845 3607 887 3652 eu,
903 3607 965 3662 quae
987 3589 1022 3645 de
1043 3588 1091 3644 illo
1112 3589 1228 3662 cognitu
1249 3588 1299 3644 lra-

197 3669 310 3736 bentur‚
326 3669 484 3744 quicunque
505 3669 663 3727 divinorum
685 3671 887 3744 scripturarum
908 3669 1055 3744 imperitus
1074 3687 1131 3724 non
1151 3678 1203 3732 est,
1218 3669 1299 3726 facile

198 3751 389 3808 confitebitur.
432 3751 546 3808 Etenim
567 3751 615 3826 qui
637 3750 698 3808 fieri
718 3758 822 3825 potest,
837 3761 870 3807 ut
886 3750 920 3807 de
942 3749 1106 3813 Solomone,
1121 3759 1170 3805 aut
1184 3750 1219 3806 de
1239 3751 1300 3824 ejus

198 3830 257 3887 filio
271 3831 421 3888 Rhoboam
436 3831 618 3907 accipiantur.
634 3850 697 3905 quse
711 3851 762 3906 per
774 3840 866 3889 totum
882 3831 1024 3888 Psalmum
1041 3829 1194 3886 feruutur?
1218 3830 1300 3904 quale

199 3919 243 3967 est
255 3911 343 3969 illud:
370 3911 566 3970 Dominabitur
579 3933 596 3968 ο
611 3915 682 3969 muri
696 3932 782 3988 usque
797 3916 834 3969 ad
846 3930 930 3976 more,
944 3920 971 3968 ιι
991 3931 1008 3968 ο
1022 3910 1139 3987 flumine
1160 3929 1243 3983 usque
1263 3913 1300 3966 οτι

200 3993 326 4048 terminos
347 3994 420 4050 orln'a
443 4002 528 4050 ιιττσ.
572 3992 610 4048 Et
628 3991 706 4059 illud,
722 3994 894 4049 Pmounebil
915 4011 976 4048 rum
996 3991 1060 4056 sole,
1077 3999 1103 4047 οι
1121 3999 1184 4048 onte
1205 3992 1299 4048 Ιιιααιιι

198 4073 383 4144 generationes
402 4075 615 4148 penerotionum,
631 4081 660 4130 et
679 4092 853 4148 quaecuuque
872 4072 927 4129 alia
940 4072 985 4128 his
999 4073 1066 4146 ipsis
1081 4071 1182 4128 similia
1196 4073 1297 4146 adjun-

198 4161 315 4226 guntur.
348 4153 530 4228 Quapropter
543 4153 604 4210 sine
619 4153 707 4211 multa
721 4154 875 4210 admodum
890 4152 1093 4226 exploratione,
1109 4171 1171 4226 quae
1186 4153 1299 4226 quidem

199 4234 286 4291 verba
299 4235 379 4291 initio
393 4235 498 4292 Psalmi
519 4233 668 4299 habentur,
685 4235 764 4290 Deus
778 4232 916 4306 judicium
938 4241 1012 4290 ιιιαοι
1034 4236 1091 4307 repi
1112 4237 1158 4298 ιιο,
1175 4252 1242 4290 saue
1263 4233 1300 4288 ad

198 4313 277 4370 illum
291 4315 384 4389 ipsum
398 4316 580 4373 Solomonem
595 4315 761 4382 referantur,
777 4333 838 4389 quae
853 4333 920 4371 vero
935 4321 1099 4388 sequuntur,
1115 4313 1155 4368 Ει
1162 4312 1299 4384 justitiam

729 4412 811 4466 aba
