3130 4722
49 277 86 289 ··
100 259 182 326 379·
416 249 643 315 DEMONS'I'.
669 249 838 314 EVANG.
861 249 963 314 VIII.
981 270 1008 313 1.
1226 247 1289 311 755

191 409 323 488 ἐκείνου
346 443 418 512 γαρ
439 445 494 492 τοι
518 416 577 492 καὶ
603 419 652 496 εἱς
679 418 781 515 δεῦρο
809 418 857 496 εἰς
878 411 989 512 πέρας
1011 405 1191 487 ἐλθόντων
1216 412 1317 485 τῶνὶ)

192 536 429 634 ἀποκειμένων
458 539 563 644 αὐτῷ,
594 538 845 617 διαλελοίπασι
874 535 939 634 μὲν
969 541 1001 614 oi
1033 533 1204 637 ἄρχοντες
1231 534 1288 610 καὶ

192 662 378 762 ἡγούμενοι
415 672 478 744 τοῦ
507 665 687 744 Ἰουδαίων
724 663 855 758 ἔθνους,
892 658 1121 760 κατεστησάν
1158 692 1196 736 τε
1233 659 1290 736 ἐπὶ

192 791 353 891 κεφαλῆς
382 790 498 867 αὐτῶν
527 788 697 893 ἄρχοντες
726 789 847 884 ἐθνῶν,
874 787 1029 883 ἔμπαλιν
1057 783 1094 864 δέ
1122 783 1168 863 roi
1195 784 1312 882 ἕθνη,5

194 910 257 991 τόν
284 912 448 1016 Χριστόν
474 912 665 1015 ἐπιγνόντα
691 921 755 992 τοῦ
777 918 884 1010 Θεοῦ,
902 910 1010 992 αὐτὸν
1037 909 1291 1015 ἐπεγράψαντο

155 1063 184 1112 7²
196 1042 347 1140 Σωτῆρα
377 1043 435 1118 καὶ
463 1039 693 1141 προσδοκίαν.
756 1039 862 1118 Μετὰ
889 1047 1000 1118 ταῦτα
1024 1035 1143 1118 πάντα
1168 1035 1285 1116 ἐπιλέ·

194 1197 305 1264 rems

245 1302 417 1382 Δεσμεθων
441 1300 525 1398 πρός
545 1301 695 1384 ἄμπελον
715 1302 775 1374 τόν
798 1309 909 1373 πῶλον
936 1304 1045 1384 αὑτοῦ,
1062 1300 1114 1369 καὶ
1139 1304 1182 1390 τῇ
1208 1300 1290 1368 ἕλικι

194 1413 237 1488 τό
260 1415 440 1516 ὑποζύγιον
464 1426 522 1500 τῆς
539 1419 635 1488 (Ιὸνου
660 1422 772 1502 αὑτοῦ,
789 1426 904 1488 πλυνεῖ
927 1419 958 1486 ἐν
983 1416 1057 1506 οἵνφ
1081 1414 1141 1496 τόν
1164 1412 1290 1493 στολὴν

195 1531 306 1618 ahot,
319 1533 371 1602 roi
388 1533 420 1602 ἐν
436 1533 551 1616 αἵματι
569 1541 745 1630 σταφυλῆς
760 1535 821 1616 τὴν
837 1531 1020 1629 περιβολὴν
1036 1531 1145 1600 αὑτοῦ.
1174 1526 1291 1622 Χαρο-
1301 1559 1331 1594 ιο

196 1646 287 1716 ποιοὶ
312 1649 346 1716 οἶ
370 1649 545 1744 ὀφθαλμοὶ
569 1650 668 1719 αὐτοῦ
691 1647 760 1718 ἀπό
786 1650 880 1730 οἴνου,
898 1649 950 1717 καὶ
976 1644 1082 1718 λευκοῖ
1108 1646 1141 1714 οἶ
1163 1641 1316 1719 όδόντεςο

197 1762 298 1832 αὐτοῦ
313 1761 332 1842 ἦ
349 1759 453 1854 γόλα.

155 1924 189 1977 73
254 1892 543 1972 Αἱνίπτεσθαιδὲ
571 1893 723 1994 ἡγοῦμαι
751 1892 809 1972 διὰ
832 1891 968 1972 τούτων
989 1889 1135 1988 τὸνμὲν
1158 1895 1294 1985 πῶλον,

198 2013 305 2096 αὐτόν
329 2015 392 2096 τὸν
418 2023 491 2097 τῶν
516 2017 734 2098 ἀποστόλων
762 2027 819 2096 καὶ
845 2023 1014 2116 μαθητῶν
1038 2023 1101 2094 τοῦ
1128 2018 1295 2117 Σωτῆρος

198 2141 298 2240 ἡμῶν
326 2141 445 2246 χορόν,
472 2143 537 2243 τὴν
562 2142 600 2222 δέ
625 2143 788 2242 ἄμπελον
815 2146 852 2221 ἐν
876 2139 900 2246 ᾗ
932 2141 996 2221 τόν
1019 2149 1145 2222 πῶλον
1171 2173 1290 2242 προσ-

199 2266 317 2367 έδησε,
335 2268 401 2368 τὴν
425 2269 544 2350 ἔνθεον
565 2273 622 2350 καὶ
649 2267 801 2372 ἀόρατον
820 2271 927 2349 αὐτοῦ
946 2268 1105 2363 δύναμιν,
1122 2265 1167 2364 ἣν
1189 2263 1316 2356 αὑτὸςς

197 2394 378 2495 παριστὰς
395 2393 568 2492 ἐδίδασκε,
587 2395 716 2496 λέγων,
731 2395 822 2497 Ἐγώ
849 2403 917 2499 εὶμι
944 2399 961 2489 ἦ
985 2391 1146 2498 ἀμπελος
1169 2399 1187 2488 ἦ
1208 2398 1295 2483 ἀλη-

198 2517 271 2610 θιιῆ,
292 2531 307 2598 ὁ
325 2521 437 2626 πατήρ
454 2556 520 2626 μου
539 2528 553 2600 ὁ
572 2526 717 2626 γεωργός
735 2520 831 2600 ἔστιν.
862 2520 979 2627 Ἔλιξ
995 2519 1032 2600 δὲ
1051 2524 1113 2618 τῆς
1131 2515 1297 2617 ἀμπέλον

198 2647 263 2742 τῆς
280 2645 517 2743 ἀποδοθείσης
536 2645 588 2744 εἴη
606 2644 650 2724 ἀν
672 2646 694 2744 ἡ
717 2655 780 2729 τοῦ
806 2652 901 2727 θεοῦ
921 2648 1044 2747 Λόγου
1072 2643 1297 2740 διδασκαλία,

198 2771 237 2848 ἐν
255 2766 279 2873 ᾗ
297 2767 360 2849 τόν
377 2776 503 2848 πῶλον
521 2774 584 2868 τῆς
603 2769 686 2850 ὄνου
704 2771 938 2872 κατεδήσατο,
952 2770 1015 2851 τόν
1031 2771 1110 2850 νέον
1127 2770 1171 2876 ἐξ
1185 2773 1297 2848 ε’θνῶν
1308 2808 1338 2844 ιο

159 2892 302 2989 ιιλαόν,
338 2895 497 2994 γέννημα
536 2894 760 2998 τυγχάνοντα
805 2903 877 2976 τῶν
919 2894 1137 2976 ἀποστόλων
1174 2895 1294 2974 αὐτοῦ.

635 3042 744 3097 (Ιοῦτοῦ
757 3039 817 3095 ὄνου
833 3041 861 3096 S.

201 3149 277 3206 enim
298 3167 334 3207 ex
355 3149 403 3206 illo
425 3151 462 3207 sd
484 3151 560 3208 hunc
581 3169 670 3226 usqne
694 3153 769 3210 diem
790 3171 824 3210 es
848 3171 910 3227 quae
934 3153 988 3227 ipsi
1011 3153 1136 3228 reposita
1157 3158 1238 3209 erant
1262 3151 1299 3208 ad

201 3229 288 3287 finem
301 3232 490 3304 pervenerint,
505 3231 668 3288 deiecerunt
682 3233 795 3307 quidem
817 3234 957 3307 principes
975 3251 1008 3289 ac
1024 3231 1110 3289 duces
1123 3232 1141 3288 J
1145 3231 1298 3294 udaeorum,

201 3309 298 3384 eisque
321 3328 406 3385 supro
424 3318 509 3385 ceput
529 3311 657 3385 gentium
678 3313 818 3386 principes
842 3313 974 3368 collocati
996 3321 1071 3368 sunt.
1113 3312 1139 3367 E
1157 3311 1299 3367 contrario

202 3401 298 3448 nutem
317 3389 386 3464 ipsae
405 3399 516 3464 gentes,
532 3392 579 3448 ubi
594 3392 741 3448 Christum
755 3392 808 3449 Dei
829 3399 1015 3466 agnoverunt.
1030 3390 1109 3446 illum
1123 3391 1176 3446 sibi
1190 3398 1220 3446 et
1235 3388 1298 3445 Ssl·

202 3478 329 3526 vstorem
344 3479 374 3527 et
387 3470 613 3544 expectationem
627 3471 846 3544 adscripserunt.
888 3470 958 3526 Post
971 3470 1032 3526 haec
1047 3469 1143 3526 omnia
1161 3469 1229 3526 illud
1249 3467 1299 3524 sd-

198 3549 340 3624 jungitur.
360 3549 463 3625 Liparis
475 3552 512 3606 ad
525 3553 605 3607 vitem
621 3550 728 3624 pullum
748 3569 835 3615 ινιιοι,
851 3557 878 3606 et
891 3552 929 3606 od
942 3550 1093 3624 capreolum
1112 3548 1176 3604 vitis
1193 3548 1300 3622 pullum
1362 3565 1394 3593 on·
1431 3581 1437 3598 .

202 3633 285 3686 orinae
301 3647 366 3695 ειια,
388 3630 489 3686 Iuvabit
509 3631 539 3686 ιἰι
556 3632 617 3687 nino
637 3631 734 3687 stolam
756 3647 844 3694 cunm.
860 3637 887 3686 et
905 3631 934 3686 ιἰι
954 3631 1086 3703 sanquine
1106 3645 1164 3682 uvoe
1182 3627 1300 3701 pallium
1344 3617 1373 3644 ¹¹·

201 3727 290 3772 ιιιιιιο,
312 3712 427 3782 gratiosi
446 3710 518 3766 ocuii
538 3708 597 3781 ejus
615 3728 632 3766 ο
651 3713 723 3774 niso,
745 3717 772 3766 ct
792 3710 848 3766 albi
867 3709 958 3766 dentes
974 3709 1032 3782 ejus
1053 3714 1084 3764 ut
1106 3708 1157 3763 lac.
1200 3705 1233 3762 ln
1255 3706 1300 3762 his

202 3797 297 3845 notan
312 3788 465 3862 significari
478 3789 600 3846 arbitror
613 3808 664 3862 per
681 3790 789 3863 pullum
808 3789 921 3864 quidem
940 3789 1032 3863 ipsum
1053 3787 1245 3864 apostolorum
1267 3804 1300 3842 ac

203 3867 405 3942 discipulorum
425 3867 582 3926 SsIvotoris
600 3870 690 3925 nostri
712 3869 840 3936 chorum,
860 3887 912 3944 per
932 3870 1020 3925 vitem
1041 3875 1136 3924 nutem
1158 3867 1195 3923 nd
1216 3883 1300 3941 qnam

204 3947 297 4020 pullus
309 3955 354 4003 est
367 3947 508 4024 alligatus,
523 3948 647 4004 divinam
661 3949 884 4024 invisibilemque
901 3950 962 4023 ejus
975 3949 1044 4013 vim,
1060 3965 1144 4021 quam
1158 3946 1217 4020 ipse
1232 3947 1300 4003 dum

204 4027 376 4094 ostenderet,
395 4027 517 4084 docebat
539 4027 585 4084 his
605 4027 708 4093 verbis.
727 4029 791 4104 Ερο
812 4047 873 4086 ινα
894 4031 957 4084 vtis
979 4047 1053 4092 οντα.
1078 4035 1105 4084 et
1126 4033 1210 4101 poter
1229 4045 1301 4084 ιιιειιι
1357 4057 1376 4087 0.
1388 4059 1417 4096 1„
1430 4057 1447 4086 ι,

203 4107 327 4179 agricolo
353 4115 402 4164 ert.
443 4107 580 4182 Ejusdem
606 4126 692 4182 porro
716 4108 782 4164 vitis
809 4108 955 4181 capreolus
982 4108 1036 4164 Dei
1061 4107 1149 4164 Verbi
1173 4107 1302 4164 doctrina

203 4184 297 4251 suerit.
312 4187 347 4243 ad
363 4205 446 4260 quem
461 4187 568 4261 pullum
583 4187 667 4244 seinse
682 4206 739 4244 suae
754 4186 889 4261 alligavit,
901 4187 947 4260 qui
961 4187 1074 4260 quidem
1089 4185 1182 4260 pullus
1196 4205 1301 4243 novum

204 4264 238 4325 dt
252 4266 387 4340 gentibus
401 4267 545 4342 populum,
561 4267 641 4340 qussi
656 4267 816 4342 genituram
831 4267 972 4340 qnondam
987 4266 1179 4340 apostolorum
1193 4267 1254 4338 ejus
1272 4273 1301 4320 et

734 4361 821 4418 nhc
