3120 4716
65 261 194 330 —477.
449 255 677 324 DEMONST.
703 261 872 327 EVANG.
899 264 942 326 X.
959 265 1099 350 3533?
1230 267 1305 350 [941

207 415 252 494 ἂν
279 420 472 517 θαυμάσειε
497 429 581 521 8τῆς
606 427 838 527 προρρήσεως
865 430 907 508 τὸ
935 431 1192 530 ἀποτέλεσμα;
1225 433 1302 532 Φή-

206 575 338 628 σαντος
370 545 442 648 γὰρ
473 559 536 628 τοῦ
569 549 692 652 λόγου,
723 551 943 653 γενηθήτωσιιν
981 569 1017 636 αἱ
1055 557 1170 662 ήμέραι
1210 565 1307 640 αὐτοῦ

206 672 336 771 ι’λίγαι,
356 673 473 778 σαφὲς
502 675 598 760 ὅπως
621 677 759 783 βραχύς
784 683 804 758 ὁ
829 687 900 764 πᾶς
926 682 1097 782 διεγένετο
1123 683 1215 782 μετὰ
1241 685 1328 784 τὴνε

205 793 317 875 11κατὰ
334 808 398 878 τοῦ
417 803 595 910 Σωτῆρος]
606 805 707 902 ἡμῶν
725 806 921 905 ἐπιβουλήν
939 810 1055 887 αύτῶν
1073 808 1200 912 χρόνος
1224 814 1303 891 καθ’

206 921 247 1000 ὃν
279 925 406 1030 ἔδοξαν
437 929 618 1026 διαμένειν,
647 932 728 1028 μεθ’
759 931 801 1010 δν
827 931 893 1030 τήν
926 932 1085 1032 ὑστάτην
1118 936 1305 1033 ύπέμειναν

204 1054 414 1154 πολιορκίαν
439 1058 495 1133 καὶ
522 1054 587 1153 τὴν
612 1063 773 1154 παντελῆ
800 1061 1016 1160 καθαίρεσιν,
1034 1063 1089 1164 ἐφ’
1110 1058 1133 1164 ᾗ
1159 1064 1217 1140 καὶ
1238 1063 1304 1161 τήν

203 1165 403 1276 ἐπισκοπὴν
430 1181 547 1257 αὐτῶν
574 1179 705 1275 ἔλαβεν
732 1183 857 1284 ἕτερος,
884 1185 904 1261 ὁ
930 1183 988 1264 διὰ
1014 1190 1177 1288 Χριστοῦ
1205 1221 1298 1288 συγ-
1315 1225 1343 1259 ιο

165 1306 383 1402 ιὺκροτηθεὶς
401 1302 515 1386 ’λαός
577 1311 649 1385 Καὶ
672 1307 718 1384 τὰ
739 1306 852 1388 λοιπὰ
869 1310 908 1388 δὲ
924 1319 988 1389 τοῦ
1007 1315 1165 1407 Ψαλμοῦ
1183 1315 1302 1396 αὐτοῖς

201 1428 338 1510 τούτοις
357 1429 596 1528 καταλλήλας
615 1430 769 1529 νοήσεις·
799 1430 844 1510 rui
863 1432 900 1512 δὲ
918 1435 1011 1538 ἑξῆς,
1031 1439 1079 1518 ὡς
1097 1439 1181 1538 περί
1196 1451 1332 1517 τινωνο

202 1559 285 1631 υἱῶν
317 1562 380 1632 τοῦ
408 1552 525 1633 Ἰούδα
556 1555 743 1656 λεγόμενα,
772 1561 810 1635 ἐν
838 1564 900 1663 τῷ,
928 1559 1149 1659 γενηθήτωσαν
1183 1573 1210 1641 oi
1242 1573 1299 1642 viui

200 1681 298 1756 αύτιῦ
323 1686 466 1782 ὀρφανοὶ,
486 1682 544 1757 καὶ
570 1680 616 1759 τὰ
640 1680 891 1782 παραπλήσια,
916 1684 1072 1785 ἀνάγοιτ’
1092 1684 1137 1764 ἂν
1161 1689 1219 1766 καὶ
1246 1690 1298 1766 ἐπ’

200 1800 308 1880 αύτδν
325 1802 390 1900 μὲν
408 1806 680 1905 προηγουμένως
698 1807 761 1886 τὸν
774 1808 924 1905 Ἰούδαν,
942 1813 1016 1907 μετ’
1037 1813 1166 1890 ἐκεῖνον
1185 1811 1223 1891 δὲ
1241 1818 1322 1896 καῖε

200 1929 257 2006 ἐπὶ
275 1926 412 2011 πάντας
430 1928 511 2012 τοὺς
531 1931 672 2026 ὁμοίους
690 1934 785 2038 αὐτῷ
803 1931 866 2011 τὸν
884 1934 1062 2036 σωτήριον
1080 1935 1194 2038 λόγου
1211 1971 1300 2039 προ-

200 2049 373 2137 διδόντας·
397 2053 636 2153 καταλλήλως
651 2055 688 2135 δὲ
709 2058 848 2157 νοήσεις
862 2062 920 2138 καὶ
935 2059 1001 2158 τὴν
1014 2069 1162 2160 γυναῖκα
1182 2065 1299 2158 αὑτοῦ,

200 2182 258 2256 καὶ
276 2177 340 2259 τὰς
358 2180 531 2280 ἁμαρτίαις
549 2187 621 2260 τῶν
638 2181 801 2284 πατέρων
820 2186 927 2264 αὐτοῦ
950 2188 1008 2264 καὶ
1025 2191 1089 2286 τῆς
1107 2187 1300 2288 λεγομένης

200 2303 332 2405 μητρὸς
367 2306 484 2401 αὐτοῦ,
513 2311 577 2404 τῆς
612 2315 675 2385 τοῦ
704 2308 884 2386 Ἰουδαίων
917 2308 1038 2392 ἔθνους
1070 2316 1296 2412 συναγωγῆς.

202 2432 290 2529 Περὶ
318 2431 425 2528 αὐτῆς
452 2430 524 2532 γὰρ
550 2433 703 2530 ἡγοῦμαι
731 2433 904 2534 λε’γεσθαι
930 2435 983 2530 τὸ,
1008 2444 1067 2515 καὶ
1097 2441 1114 2529 ἡ
1141 2440 1298 2544 ἁμαρτία
1311 2475 1340 2509 ιο

162 2552 256 2644 ιττῆς
278 2557 396 2663 μητρὶς
422 2559 520 2635 αιἰτοῦ
543 2555 592 2660 μή
618 2557 840 2663 ἐξαλειφθείη.
900 2559 1008 2657 Πλὴν
1036 2559 1160 2662 ὥσπερ
1187 2565 1225 2640 ἐν
1252 2570 1323 2666 τῆς

199 2676 270 2777 πρὸ
293 2681 423 2778 ταύτης
446 2682 647 2786 προφητείᾳ
670 2683 812 2786 πτωχὸς
839 2686 896 2761 καὶ
923 2685 1030 2780 πένης
1055 2686 1252 2786 ὠνομάζετο
1278 2690 1297 2764 ὁ

201 2804 329 2906 Σωτήρ
357 2809 415 2885 καὶ
445 2807 576 2907 Κύριος
602 2807 713 2904 ἡμῶν,
731 2806 891 2909 καθάπερ
918 2809 1148 2914 ἀπεδείξαμεν
1175 2814 1213 2889 ἐν
1236 2817 1297 2916 τῷ,

233 2999 308 3066 trip
321 2999 381 3052 add.
397 2999 428 3052 P.
512 2994 727 3057 hauriatur.
810 2997 970 3059 ¹lndeadd.
987 3004 1264 3076 P.onminterprete.

200 3159 276 3216 Num
292 3178 377 3232 quum
389 3160 534 3218 oraculum
549 3161 658 3226 dixerit,
667 3162 742 3236 fiant
757 3164 812 3218 dies
826 3159 884 3233 ιρίιι
895 3164 985 3234 pauci,
997 3171 1109 3220 constat
1120 3164 1202 3237 plane
1214 3181 1297 3237 quam

199 3240 284 3296 breve
305 3247 371 3314 post
395 3248 518 3296 structas
538 3241 673 3298 adversus
698 3239 875 3296 Salvatorem
900 3250 1030 3298 nostrum
1051 3243 1087 3298 ab
1108 3243 1162 3298 illis
1183 3243 1298 3298 iusidias

199 3337 284 3375 omne
299 3318 382 3375 fuerit
398 3326 518 3393 tempus,
534 3339 590 3393 quo
604 3337 718 3376 manere
732 3319 784 3374 visi
799 3327 875 3375 suut.
903 3320 971 3376 Post
986 3321 1061 3394 quod
1076 3331 1188 3395 tempus
1202 3322 1296 3377 novis-

199 3399 299 3454 simam
313 3398 502 3456 vastationem
515 3407 730 3472 extremumque
744 3398 890 3455 interitum
908 3398 984 3472 passi
999 3407 1075 3464 suut,
1091 3419 1127 3456 ex
1141 3418 1197 3474 quo
1212 3401 1298 3457 etiam

199 3478 391 3552 episcopatum
413 3496 512 3535 eorum
536 3479 645 3553 accepit
666 3479 746 3540 alter,
769 3477 901 3534 conditus
924 3477 1055 3535 videlieet
1079 3497 1129 3552 per
1150 3478 1297 3534 Christum

199 3574 290 3613 novus
303 3557 431 3632 populus.
474 3559 561 3614 Porro
575 3559 662 3614 etiam
675 3558 782 3631 reliqua
795 3557 879 3630 hujus
894 3556 1002 3613 Psalmi
1016 3559 1111 3614 omnia
1127 3577 1179 3633 per
1195 3558 1296 3614 horum

198 3637 325 3708 ipsorum
345 3638 490 3711 exemplar
511 3637 670 3712 intelliges:
693 3655 755 3711 quse
768 3655 836 3693 vero
857 3646 1013 3710 sequuntur
1034 3647 1064 3694 et
1080 3638 1160 3711 quasi
1179 3637 1214 3694 de
1236 3637 1296 3711 qui·

200 3717 319 3772 busdam
332 3716 415 3772 Judae
430 3717 494 3773 filiis
508 3717 563 3773 dici
578 3717 718 3782 videntur,
733 3717 788 3772 illis
802 3717 904 3779 verbis,
920 3717 1000 3773 Fiunt
1013 3716 1073 3792 fila·
1093 3715 1151 3788 ejus
1172 3715 1295 3790 orphani,

198 3803 228 3851 et
242 3815 414 3870 quacunque
429 3797 483 3853 alia
495 3796 540 3852 his
554 3797 657 3852 similia
670 3805 745 3860 sunt.
761 3796 918 3854 referentur
936 3796 1029 3871 primo
1050 3796 1163 3870 quidem
1183 3797 1246 3852 loeo
1268 3797 1297 3852 in

198 3875 290 3949 ipsum
304 3876 419 3940 ludam,
441 3885 507 3951 post
528 3876 605 3932 illurn
627 3895 695 3934 vero
716 3877 802 3934 etiam
822 3876 852 3932 in
874 3893 973 3932 omnes
989 3876 1028 3932 illi
1049 3875 1155 3931 similes
1175 3875 1296 3932 salutare

197 3956 315 4012 verbum
333 3955 495 4028 prodentes.
539 3956 647 4013 Eadem
663 3974 732 4012 vero
751 3956 861 4012 ratione
883 3955 1024 4029 intelliges
1045 3973 1164 4011 uxorem
1185 3973 1295 4029 quoque

198 4037 267 4109 ejus,
292 4044 322 4091 et
345 4043 460 4108 peccata
484 4036 580 4108 patris,
602 4045 632 4091 et
652 4036 713 4108 ejus
734 4053 796 4108 quse
820 4034 907 4107 ipsius
929 4043 1020 4091 mater
1042 4034 1152 4100 dicitur,
1170 4034 1296 4091 Judaicaa

198 4115 293 4188 gentis
306 4114 438 4171 videlicet
452 4115 692 4189 congregationis.
735 4114 781 4170 De
794 4114 848 4169 hao
862 4114 937 4169 enim
952 4114 1073 4170 arbitror
1088 4113 1143 4170 dici
1160 4113 1239 4180 illud,
1254 4115 1296 4170 Et

196 4203 335 4266 peccalum
358 4196 456 4250 matris
481 4195 539 4267 ιγάε
563 4214 615 4252 uon
636 4197 766 4251 deantur.
810 4194 1002 4250 Veruntamen
1025 4193 1098 4250 siout
1120 4193 1149 4248 in
1176 4213 1210 4250 aa
1233 4212 1296 4266 quse

197 4273 326 4346 proxime
341 4274 493 4331 antecessit
505 4275 655 4350 prophetia
672 4291 780 4348 egenus
794 4282 823 4330 et
834 4291 939 4348 pauper
952 4273 1150 4331 nominabatur
1165 4271 1296 4330 Salvator
