3144 4720
68 279 205 344 -409.
449 262 1036 345 nunonsu.nvnnc.vn1.4.
1253 268 1316 329 era

217 429 335 524 ἀναβῇ,
351 431 396 513 μη
414 429 448 502 δὲ
469 433 551 526 ἔλθη
569 433 640 514 ἐκεῖ,
663 431 715 502 καί
738 434 791 502 ἐπὶ
811 430 960 510 ίτούτους
975 434 1071 504 ἔσται
1091 436 1108 514 ἦ
1126 439 1263 517 πτῶσις,
1280 432 1347 516 hub

217 541 358 639 πατιίξει
377 546 499 642 Κύριος
521 544 632 616 πάντα
656 545 702 618 τὰ
724 548 797 630 ἔθνη
818 555 876 629 τῆς
893 554 964 640 γῆς,
982 547 1047 617 ὅσα
1071 545 1124 617 e'dv
1141 547 1185 630 pir
1209 547 1316 639 ἀναβῇ
1368 557 1371 564 ’

216 667 277 735 τοῦ
299 659 458 758 ἔορτιίσαι
481 663 541 744 την
564 663 680 759 dap-rim
705 670 763 744 τῆς
786 663 1017 755 σκηνοπηγίας.
1069 660 1165 744 Αύπη
1183 661 1316 742 ἔσταιῆ

215 777 363 871 α’μαρτία
380 776 561 869 Αἰγύπτου
576 778 627 846 καί
647 778 830 875 ἧύμαρτία
847 774 979 847 πάντων
995 782 1060 848 τῶν
1077 777 1181 857 ἐθνῶν,
1195 775 1260 845 ὅσα
1277 773 1339 844 ιίν5

215 893 260 974 μη
277 891 384 984 ἀναθῇ
399 897 460 963 τού
476 888 635 988 ἑορτάσαι
652 893 713 974 την
729 893 844 988 ἑορτὴν
861 901 919 974 τῆς
936 890 1168 983 σκηνοπηγίας.

108 1107 115 1118 .
191 1065 208 1113 9
273 1037 398 1112 Ταῦτα
427 1035 485 1111 καὶ
518 1034 538 1112 ό
574 1033 755 1136 Ζαχαρίας
781 1031 871 1132 μετὰ
898 1031 963 1131 τὴν
993 1031 1064 1111 ἀπὸ
1097 1037 1317 1126 Βαβυλῶνος

215 1157 398 1255 ἐπάνοδον,
424 1159 579 1259 Δαρείου
610 1164 766 1259 Περσῶν
795 1157 1063 1254 βασιλεύοντος,
1090 1155 1315 1261 προφητεύει,

216 1289 279 1384 τῆς
297 1283 537 1386 Ἰερουσαλὴμ
563 1285 644 1386 ἅρτι
669 1284 749 1365 τότε
768 1286 1047 1386 ἀνεγηγερμένης
1073 1287 1112 1364 ἐκ
1136 1288 1199 1384 τῆς
1221 1317 1313 1385 προ·
1328 1323 1358 1360 ιο

215 1410 317 1513 τέρας
331 1411 486 1513 ἐρημίας,
500 1411 545 1510 ἣν
564 1411 633 1491 ὑπὸ
652 1415 895 1506 Βαβυλωνίων
909 1411 1075 1492 πέπονθε.
1119 1409 1316 1510 Συνύγεται

215 1537 254 1616 δέ
279 1538 299 1615 ό
322 1544 394 1621 πᾶς
412 1536 539 1640 χρόνος
561 1537 633 1618 ἀπὸ
655 1542 718 1636 τῆς
738 1537 891 1638 Δαρείου
909 1544 973 1615 τοῦ
993 1535 1140 1637 Πέρσου
1161 1533 1341 1635 (inani-0

215 1663 344 1768 λείας),
362 1660 458 1743 ¹nad‘
486 1661 531 1760 ἣν
559 1664 579 1741 ὁ
607 1663 788 1768 Ζαχαρίας
813 1662 1039 1766 προφητεύει,
1065 1665 1122 1740 καὶ
1150 1663 1207 1741 ε’πὶ
1236 1663 1313 1740 Αύ-

214 1821 373 1889 γουοτον
397 1789 582 1886 Ῥωμαίων
609 1789 778 1884 βασιλεά
806 1793 855 1872 είς
881 1791 970 1867 ε’τῶυ
998 1784 1199 1886 ἑβδομάδας
1226 1786 1316 1867 ἑπτὰ

214 1917 274 1994 καὶ
311 1912 483 2019 ἑξήκοντα
519 1913 583 1993 δύο
619 1914 683 1998 τὰς
723 1919 760 1993 ἐν
791 1921 842 2020 τῷ
879 1912 1022 2013 Δανιὴλ
1054 1915 1260 2018 φερομένας,
1292 1910 1316 1992 ἃ

215 2042 348 2141 γίνεται
374 2040 433 2141 ἔτη
458 2039 672 2142 τετρακόσια
696 2041 914 2142 ὀγδοήκοντα
941 2042 1031 2142 τρία,
1051 2045 1099 2124 ὡς
1124 2041 1338 2146 ἀπεδείξα-ς

178 2201 281 2264 ιομεν
304 2168 342 2245 ἐν
364 2173 437 2248 τοῖς
459 2173 573 2272 μικρῷ
595 2164 756 2269 πρόσθεν
778 2167 1094 2268 γεγυμνασμένοις.
1154 2169 1251 2246 Ούτε
1276 2165 1314 2246 δὲ

214 2295 271 2372 ε’πὶ
289 2297 381 2390 1111τῆς
405 2291 624 2372 Μακεδόνων
647 2292 719 2372 ἀπὸ
737 2293 982 2398 Ἀλεξάνδρου
1009 2295 1067 2371 καὶ
1093 2292 1215 2396 μέχρις
1235 2295 1310 2372 Αύ-

214 2416 372 2518 γούστου
408 2418 701 2518 1’παραταθείσης
740 2425 812 2496 τῶν
854 2419 1102 2524 ἐμφερομένων
1140 2425 1213 2502 τοῖς
1249 2427 1314 2498 τοῦ

256 2616 386 2693 1τούτων]
401 2619 508 2676 τούτους
523 2619 552 2676 Ρ.
638 2616 655 2660 k
668 2621 894 2682 adtenuanda
907 2629 968 2692 post
982 2622 1096 2692 Πέρσου.
1112 2621 1171 2675 ED.
1188 2621 1307 2676 PARIS.

216 2701 267 2756 a’rrb
280 2704 326 2770 rin
338 2698 476 2766 βασιλείας
490 2702 519 2756 S.
533 2701 561 2754 in
576 2719 661 2772 marg.
677 2702 851 2754 exadversum
866 2701 889 2756 B
902 2717 947 2755 10.
1087 2695 1096 2739 ¹
1110 2700 1164 2755 καθ’
1179 2699 1315 2772 δην-κρο-

216 2779 337 2854 φητιύει]
355 2781 423 2835 Haec
436 2781 516 2835 rerba
529 2781 626 2835 desunt
639 2782 666 2835 h.
676 2782 696 2835 l.
711 2781 739 2834 iu
753 2782 796 2835 ed.
814 2781 907 2851 Steph.
923 2789 951 2834 et
964 2799 1027 2833 mss.
1041 2781 1168 2851 leguntur
1181 2789 1271 2834 tamen
1286 2781 1314 2834 in

216 2862 310 2916 iisdem
324 2862 414 2934 paullo
427 2860 497 2916 inira
510 2869 572 2932 post
585 2863 814 2933 γεγυμνασμένοις.
838 2862 962 2916 Posuisse
976 2861 1027 2914 hoc
1040 2862 1100 2914 loco
1111 2861 1215 2916 ridetur
1228 2861 1314 2916 editor

217 2942 352 2996 Parisinus
366 2959 399 2995 er
414 2942 546 2995 sententia
559 2941 712 3012 interpretis
726 2941 825 2995 Latini.
910 2950 933 2982 ¹¹¹
948 2943 993 3009 τῆς
1007 2959 1061 2996 om.
1077 2941 1107 2995 P.
1200 2950 1216 2981 ¹¹
1230 2962 1313 3012 παρα.

214 3021 332 3090 τεθείσης
347 3022 374 3076 S.
389 3029 417 3075 et
430 3039 494 3075 mox
508 3022 712 3092 ε’μφαιρομένον.
816 3047 819 3054 ⁴

214 3195 301 3252 tribue
313 3195 430 3272 AEpppti
451 3214 503 3252 non
525 3195 688 3261 ascenderit,
703 3214 786 3269 neque
806 3200 910 3253 venerit
929 3199 1003 3264 illuc,
1019 3200 1100 3256 etiam
1114 3218 1195 3270 snper
1208 3199 1250 3256 bis
1262 3202 1314 3256 erit

214 3279 306 3341 ruina,
332 3295 387 3350 qua
409 3279 538 3349 percutiet
565 3277 699 3332 Dominus
726 3295 813 3332 amnes
838 3284 931 3351 pentes
960 3286 1048 3344 terra,
1074 3297 1237 3352 quecunque
1259 3297 1313 3336 non

214 3358 382 3413 ascenderint
396 3358 434 3412 ad
447 3355 635 3412 celebrandam
649 3357 756 3412 solenne
765 3357 1009 3412 tabernaculorum.
1031 3356 1096 3412 Hoc
1109 3361 1160 3414 erit
1173 3367 1313 3429 peccatum

213 3435 341 3511 AEgypti,
356 3445 384 3492 et
402 3445 541 3510 peccatum
560 3439 678 3491 omnium
696 3435 827 3508 gentium,
843 3453 1006 3510 quacunque
1020 3455 1071 3494 non
1085 3439 1255 3492 ascenderint
1276 3438 1313 3492 ud

214 3516 400 3574 celebrandum
414 3518 483 3572 diem
497 3516 604 3588 sertum
617 3515 862 3571 tabernaculorum.
907 3515 977 3571 Haec
990 3533 1058 3572 sane
1075 3515 1226 3572 Zacharias
1246 3524 1313 3590 post

213 3596 335 3654 reditum
357 3595 392 3652 de
407 3596 562 3670 Babylone,
578 3595 664 3652 Dario
685 3593 759 3668 apud
779 3595 879 3650 Persas
900 3602 1048 3669 regnante,
1064 3595 1241 3660 vaticinatur,
1257 3614 1312 3669 quo

213 3684 341 3752 tempore
356 3676 423 3733 urbs
438 3675 615 3732 Hierusalem
635 3694 652 3731 a
670 3677 763 3748 priore
778 3675 952 3732 desolatione
966 3675 1089 3732 excitata
1102 3677 1312 3749 instaurataque

213 3775 303 3830 nuper
316 3757 419 3819 suerat,
433 3775 495 3830 quae
517 3755 654 3812 desolatio
676 3755 715 3810 iili
736 3774 753 3811 a
775 3755 938 3830 Babyloniis
960 3755 1051 3812 fuerat
1068 3756 1151 3812 illata.
1195 3755 1313 3830 Colligit

214 3849 308 3893 autem
323 3855 409 3893 omne
423 3844 534 3910 tempus
549 3855 566 3892 a
579 3835 666 3891 Dario
680 3835 837 3900 Persarum,
853 3836 905 3892 rub
920 3855 975 3910 quo
990 3835 1141 3892 Zacharias
1156 3835 1312 3911 prophetia

213 3935 330 3974 munere
344 3916 482 3990 fungitur,
497 3916 533 3973 ad
548 3917 708 3989 Augustum
722 3914 917 3972 Romanorum
932 3935 1040 3990 regem,
1051 3934 1189 3972 annorum
1203 3915 1311 3972 hebdo-

213 3997 311 4053 madas
325 4005 434 4070 septem
449 4005 478 4052 et
492 3997 639 4070 sexaginta
653 3995 731 4059 duas,
747 4015 810 4069 qua
828 3995 903 4070 apud
918 3995 1065 4052 Danielem
1081 3995 1225 4053 feruntur:
1250 4015 1313 4070 quoe

214 4095 324 4134 samma
337 4095 475 4133 annorum
490 4076 609 4132 efficitur
623 4074 895 4150 quadringentorum
910 4076 1056 4150 octoginta
1067 4077 1161 4140 trium,
1174 4084 1205 4133 ut
1215 4085 1311 4134 osten-

213 4155 306 4213 dimus
323 4157 351 4213 in
373 4157 407 4212 iis
428 4175 490 4230 quae
512 4156 594 4230 paulo
614 4164 679 4212 ante
694 4174 711 4210 a
725 4156 806 4211 uobis
820 4163 941 4212 tractata
959 4163 1035 4212 snat.
1084 4156 1225 4214 Ceterum
1247 4165 1312 4231 poet

213 4235 361 4311 imperium
376 4236 568 4293 Macedonum
589 4235 625 4292 ah
644 4235 808 4292 Alexandro
830 4253 917 4309 usqne
938 4236 974 4292 ad
995 4237 1167 4312 Augustum,
1182 4238 1267 4294 etiarn
1288 4237 1313 4292 si

212 4316 299 4390 ipsius
313 4317 437 4391 Augusti
451 4335 571 4390 regnum
586 4316 782 4390 complectare,
797 4314 867 4372 nihil
881 4334 948 4373 sane
963 4317 1038 4390 quod
1059 4317 1204 4392 prophetae
1219 4315 1313 4373 verbis
