3120 4716
51 259 183 342 -4⁶3·
472 264 699 331 οοιοοοςς.
723 265 892 330 ονοου.
917 270 962 332 x.
983 289 1010 332 1.
1232 271 1297 338 913

194 433 240 511 εἰς
261 426 476 536 κοντάκριμιν,
499 431 597 517 οὕτως
618 441 678 514 uni
699 429 738 514 ἀν’
759 434 825 519 inlr
844 429 1077 541 ἀιιιοιιόμιιτος
1097 443 1143 522 εἰς
1161 435 1296 524 πάντας

169 549 378 656 νάνθριόπους
404 562 449 640 εἷς
477 549 650 637 ἀννιονίωσιν
678 557 774 667 ζωῆς.
826 555 960 639 Ἔνθεν
987 563 1046 640 καὶ
1071 561 1177 645 αὐτὸς
1196 560 1297 647 Ι’τοὺς

191 677 258 776 μέν
280 679 405 760 ἑαυτοῦ
427 681 589 782 μινθητάς
609 683 701 786 ζωὴν
723 688 781 765 καὶ
800 692 879 790 φῶς
897 689 955 766 καὶ
981 685 1152 786 ἀλήθειαν
1171 686 1296 770 ἑαυτὸν

192 801 279 884 εἶναι
304 810 362 885 καὶ
388 806 453 891 τάς
471 806 601 891 λοιπάς
619 812 773 895 ἐπινοίας
791 815 855 910 τῆς
880 814 956 892 κατ’
976 814 1085 894 αὐτὸν
1110 817 1295 916 θεολογίας
1303 858 1334 922 p.
1345 838 1408 922 463

192 932 360 1030 instem,
388 940 462 1016 τοῖς
489 933 527 1013 δὲ
555 933 723 1034 ἀμυήτοις
751 945 824 1016 τῶν
853 941 928 1017 κατ’
948 939 1056 1019 αὐτὸν
1083 941 1295 1044 ἀπορρήτων

192 1058 304 1160 ἔλεγε,
322 1065 358 1140 τί
373 1061 419 1165 μὲ
445 1061 566 1169 ζητεῖτε
588 1067 785 1142 ἀποκτεῖναν
810 1062 981 1168 ἀνθρωττοι,
1002 1069 1037 1150 ’ὃς
1061 1066 1114 1159 την
1139 1067 1294 1160 disiisset

193 1189 267 1287 ὑμῖν
285 1184 495 1281 λςλοίληκοις
519 1183 666 1290 Ὥσπερ
689 1189 751 1268 οὖν
769 1188 815 1268 τὰ
833 1195 896 1289 τῆς
915 1193 1102 1292 θεολογίας
1121 1193 1315 1293 ἰδιώματος

191 1312 230 1388 ἐν
259 1318 333 1394 τοῖς
360 1313 565 1414 ἔμπροσθεν
595 1314 815 1414 ἀποδέδοται,
845 1315 907 1396 τὸν
932 1317 1056 1418 ὅμοιον
1086 1318 1129 1418 δὴ
1160 1319 1294 1423 τρόπον

192 1441 372 1518 κάνταῦθα
401 1448 465 1520 τοῦ
494 1443 608 1540 ἀμνοῦ
639 1440 685 1520 τά
717 1445 982 1545 ἀνθριοποπιιθῦ
1010 1445 1293 1548 παραστήσεται,

192 1569 265 1642 τῶν
295 1564 367 1667 πρὸ
398 1574 461 1644 τοῦ
492 1563 629 1650 πόθους
666 1569 774 1648 αὐτοῦ
806 1567 946 1667 ᾳμέσον
977 1571 1100 1668 ὄντων,
1134 1573 1223 1669 ὁμοῦ
1255 1605 1294 1650 τε

191 1689 303 1794 ἀμφω
321 1686 368 1770 τά
386 1723 424 1768 τε
442 1691 534 1771 κατά
551 1691 615 1771 τὸν
635 1691 729 1774 Θεὸν
755 1699 814 1774 καὶ
838 1694 884 1774 τά
909 1695 999 1775 κατὰ
1016 1694 1080 1775 τὸν
1104 1696 1295 1799 ἄνθρωπον
1306 1740 1335 1775 ιο

170 1816 303 1894 οαῦτοῦ
334 1816 627 1923 περιειληφότων.
687 1819 835 1900 Τούτων
866 1823 1052 1926 χρησίμως
1084 1822 1168 1920 ἡμῖν
1198 1855 1290 1923 προ·

194 1943 446 2042 τετηρημένων,
471 1943 539 2043 ἤδη
568 1948 623 2025 καὶ
652 1953 725 2025 τιῦν
753 1949 887 2047 λογίων
914 1949 1031 2028 αὐτῶν
1058 1949 1323 2054 ἐφοψώμεθάο

192 2070 273 2169 περὶ
296 2073 361 2166 τῆς
378 2068 496 2148 Ἰούδα
520 2080 584 2149 τοῦ
608 2069 785 2174 προδότου
811 2075 869 2151 καὶ
893 2079 964 2152 τῶν
991 2070 1062 2152 σῦν
1083 2075 1179 2181 αὐτῷ
1203 2073 1294 2155 κατά

191 2201 256 2271 τοῦ
271 2198 436 2297 Χριστοῦ
454 2198 644 2298 γενομένης
662 2204 853 2298 ουσκευῆς,
870 2202 955 2302 περί
970 2234 1008 2279 τε
1026 2207 1098 2280 τῶν
1116 2202 1211 2306 ἀμφὶ
1230 2199 1294 2279 τὸν

191 2319 313 2422 καιρὸν
330 2330 395 2401 τοῦ
412 2321 549 2407 πόθους
566 2325 674 2404 αὐτοῦ
694 2324 989 2425 συμβεβηκότων.

594 2493 658 2567 οόό
686 2507 820 2569 usnimi·
843 2496 887 2591 μ’.

240 2616 415 2714 Μακάριος
444 2619 462 2688 ό
492 2619 605 2690 σννιάν
634 2620 689 2689 ἐπὶ
719 2618 857 2717 πτωχόν
882 2621 935 2690 nul
965 2621 1099 2705 πένητα,
1129 2623 1160 2690 ἐν
1188 2622 1395 2718 ἦμέρᾳοοιρὶ

271 2761 528 2834 Ρτοῦς-μοθητός]
546 2761 764 2832 τοῖς-μαθηταῖς
778 2761 809 2817 Ρ.
892 2761 1023 2834 ορίσων]
1040 2761 1123 2832 μέσον
1138 2762 1199 2818 Rs,
1330 2721 1416 2778 Ἰούδα

190 2892 273 2946 unius
286 2889 414 2948 delictum
427 2894 456 2947 in
471 2908 559 2947 ornnes
573 2889 691 2948 homines
705 2894 733 2947 in
747 2893 1002 2956 condemnationem,
1016 2894 1055 2948 sic
1066 2909 1116 2964 per
1130 2893 1210 2948 unius
1223 2889 1287 2962 ,ἰιι-

191 2969 291 3038 titium‚
306 2972 334 3027 in
350 2989 439 3028 omnes
452 2971 569 3028 tornines
583 2974 611 3028 in
618 2969 840 3046 justificationem
854 2974 926 3028 oitn.
967 2971 1013 3028 Ex
1027 2971 1083 3028 hoo
1097 2971 1157 3046 ipse
1177 2990 1289 3046 quoque

189 3049 248 3106 suis
270 3049 383 3124 quidem
405 3050 548 3126 discipulis
572 3071 602 3108 se
623 3059 653 3108 et
674 3052 810 3109 vitamet
831 3051 923 3109 lucem
947 3059 977 3109 et
997 3051 1145 3109 veritatem
1167 3070 1238 3118 esse,
1259 3060 1289 3109 et

189 3131 296 3204 reliqua
309 3131 403 3188 omniu
417 3151 479 3206 quae
493 3149 530 3188 ex
543 3131 689 3208 theologia
701 3132 737 3190 de
751 3131 800 3189 illo
810 3131 1033 3198 considerentur,
1042 3133 1219 3190 ostendebat.
1241 3132 1288 3189 Ad

188 3210 322 3284 profanos
336 3219 430 3269 autem
450 3219 479 3269 et
498 3230 664 3270 munorum
679 3212 766 3287 ipsius
780 3221 911 3288 expertes
926 3212 1045 3278 dicebat,
1062 3213 1134 3277 Quid
1154 3233 1197 3270 me
1217 3232 1288 3290 que-
1330 3232 1365 3273 ιο.
1375 3234 1435 3282 eto.

187 3293 248 3347 ritis
261 3292 418 3366 interficere,
433 3293 574 3359 hominem,
590 3295 637 3368 qui
652 3293 793 3350 veritatem
814 3292 888 3348 vobit
909 3294 1017 3349 locutus
1036 3293 1123 3349 oum?
1143 3293 1287 3354 Quemad-

188 3371 304 3439 modum
319 3371 407 3446 igitur
420 3391 482 3447 ηοω
496 3371 649 3447 theologiis
663 3372 698 3429 de
712 3371 761 3428 illo
781 3371 895 3447 propris
913 3380 980 3428 sunt
997 3371 1028 3428 in
1048 3372 1188 3446 prioribus
1209 3373 1288 3429 libris

188 3460 257 3509 sunt
277 3452 414 3526 exposita,
428 3453 469 3509 itu
489 3453 518 3509 in
539 3454 594 3510 hoo
615 3471 678 3526 quoe
699 3451 736 3509 ad
757 3451 824 3527 ogni
842 3453 980 3508 humanas
999 3451 1163 3508 affectiones
1182 3451 1286 3526 petibi-

188 3529 301 3606 lemque
314 3540 445 3589 naturam
464 3531 607 3610 pertinent
625 3532 840 3590 tractabuntur:
863 3550 925 3606 ηοω
939 3531 1024 3588 medii
1038 3531 1185 3605 eujusdam
1198 3533 1288 3588 instar

188 3609 267 3668 fuere
281 3611 318 3668 ad
332 3630 366 3668 ee
380 3631 442 3686 quse
455 3613 616 3687 passionem
629 3611 704 3670 illius
717 3619 938 3677 antecesserunt,
953 3619 982 3667 et
996 3619 1114 3687 utraque
1129 3612 1212 3668 simul
1225 3620 1287 3668 tum

187 3709 232 3756 eu,
247 3710 311 3768 ηοω
326 3692 362 3748 ad
375 3693 466 3750 Deum
483 3693 634 3770 pertinent,
648 3701 710 3750 tum
725 3711 758 3750 ee
775 3712 837 3768 quse
857 3692 894 3749 sd
914 3692 1060 3749 hominem
1080 3692 1127 3766 qui
1149 3692 1196 3749 ille
1216 3701 1285 3758 erat,

188 3771 338 3847 complexe
351 3779 427 3830 sunt.
469 3773 622 3848 Postquam
637 3773 724 3848 igitur
740 3772 801 3830 haeo
820 3792 836 3830 ο
854 3771 936 3830 nobie
955 3791 1013 3828 non
1033 3771 1170 3828 inutiliter
1191 3773 1287 3830 obser-

188 3860 255 3907 vatu
275 3861 440 3929 retentaque
460 3861 534 3919 sunt,
550 3855 610 3930 jum
631 3862 693 3911 tum
716 3854 778 3928 ipse
796 3853 881 3911 etiem
903 3852 1018 3910 orueuls
1038 3851 1157 3927 aggredi
1174 3859 1287 3926 tempus

188 3949 251 3989 esse
265 3932 386 3999 videtur,
402 3953 464 4008 quoe
478 3942 507 3991 et
520 3932 624 3990 Judam
637 3933 822 4009 proditorem,
836 3952 956 4008 eumque
969 3951 1004 3989 eo
1014 3932 1136 3990 futurem
1152 3932 1286 3990 adversus

188 4011 336 4070 Christum
356 4013 604 4088 conspirationem.
624 4023 654 4071 et
672 4033 735 4088 ηοω
759 4014 800 4072 illi
824 4013 876 4070 sub
898 4013 991 4088 ipsum
1011 4013 1150 4088 passionis
1174 4022 1286 4088 tempus

188 4101 324 4152 eventum
337 4103 426 4161 erant.
441 4094 648 4170 significabant.

635 4232 654 4270 A
670 4232 785 4272 νοοοοιο
800 4233 846 4272 xu.

131 4327 145 4377 l
231 4318 334 4376 Beatus
348 4317 396 4394 qui
411 4319 632 4396 intelligiteuper
646 4319 1005 4394 egenumetpouperem‚in
1019 4323 1062 4377 die
1076 4323 1148 4377 mulo
1163 4320 1287 4376 liberabit
1329 4322 1431 4420 2:333:

271 4433 338 4472 vos.
355 4435 390 4473 11.
756 4433 808 4490 ³ss
