3108 4708
54 226 194 308 -ιιι,
464 237 694 304 uuuousu
720 239 889 306 svsuc.
914 243 1005 323 x.4.
1245 245 1306 313 951

201 401 439 500 ὠνομασμένη
467 404 538 482 οὐδ’
559 405 658 499 άλλη
685 405 825 505 γε’νοιτο
849 413 913 506 τῆς
930 407 1171 510 Ἰερουσαλὴμ
1190 410 1308 506 αὐτῆς,

200 525 259 601 καὶ
283 529 347 622 τῆς
366 525 457 605 κατὰ
485 530 627 607 Μωσέα
652 534 828 632 λατρείας,
847 531 993 631 ἁπάσης
1011 567 1049 612 τε
1067 537 1130 631 τῆς
1148 541 1307 617 παλαιᾶς

163 647 379 750 ’ςδιαθήκηα
440 656 513 731 Καὶ
531 662 636 732 τοῦτο
654 654 693 732 δὲ
711 656 755 761 ἐξ
770 658 878 754 offic
895 659 1116 759 παρίσταται
1134 662 1198 751 τῆς
1215 692 1307 760 προ-
1319 699 1350 734 ιο

200 777 347 880 φητείας
361 778 546 880 φησάσης,
564 789 623 859 καὶ
644 774 810 888 λήψομαι
826 781 880 875 riu
895 780 1017 891 ῥάβδον
1032 820 1098 886 μου
1115 785 1169 877 civ
1189 782 1337 878 καλῆιβι

202 909 261 980 καὶ
289 897 470 1009 &cappidus
498 902 606 1001 αὑτήν,
626 909 682 985 τοῦ
710 903 941 989 διασκεδάσαι
972 907 1024 1001 τήν
1054 905 1205 1004 διαθήκην
1232 946 1306 1014 μου.

199 1026 313 1131 Ὁρᾷς
339 1031 387 1110 ὡς
409 1027 475 1126 τὴν
501 1027 566 1126 μὲν
590 1029 762 1129 διαθήκην
790 1033 898 1110 αὑτοῦ
925 1030 992 1130 τήν
1008 1031 1148 1134 ῥάβδον
1170 1032 1308 1139 ἔφησεν

200 1148 286 1231 εἶναι
304 1152 370 1252 τήν
387 1154 543 1256 ττριθτην,
555 1154 621 1253 τὴν
637 1153 692 1234 ίδὲ
706 1155 871 1256 δευτέραν
884 1157 1021 1259 ῥάβδον
1034 1155 1076 1236 τὸ
1095 1159 1330 1260 σχοίνισμα,5

199 1276 299 1374 πλὴν
317 1278 521 1383 ἀμφοτέρας
539 1278 603 1362 τὰς
623 1291 639 1336 ⁸
647 1278 802 1382 ῥάβδους
820 1282 1036 1385 ἂιτορρίψειν
1055 1283 1202 1376 ἀπειλεῖ,
1217 1313 1306 1381 τιμο-

199 1403 306 1483 ειττθιν
332 1401 515 1506 πρότερον,
544 1414 602 1484 καὶ
633 1400 799 1514 λήψομαι
829 1409 964 1513 ἐμαυτῷ
991 1402 1046 1487 δύο
1072 1403 1228 1515 ῥάβδους,
1251 1407 1305 1500 τήν

198 1533 282 1633 μίαν
306 1529 461 1610 ἐκάλεσα
488 1530 636 1620 κάλλος,
659 1539 717 1609 καὶ
744 1529 798 1624 τήν
824 1526 990 1635 ΙΙθευτέραν
1018 1531 1175 1611 ἐκάλεσα
1204 1537 1302 1628 σχοί-

160 1690 192 1727 20
200 1689 315 1757 νισμα.
360 1657 463 1734 ’Ave’
483 1653 533 1734 ὧν
551 1658 571 1735 ὁ
589 1655 655 1752 μέυ
672 1655 830 1740 Ἀκύλας
849 1659 954 1760 φησὶ,
972 1653 1026 1748 τήν
1044 1658 1127 1758 μίαν
1145 1655 1303 1738 ἐκάλκσα
1314 1693 1344 1728 10

200 1777 403 1886 εὑτρέτειαν,
438 1788 496 1860 καλ
533 1780 587 1875 τήν
624 1782 732 1886 ἐτέραι
770 1782 926 1860 ἐκάλεσα
963 1783 1164 1885 σχιίνισμα·
1205 1784 1225 1860 ὁ
1263 1783 1301 1862 δὲ

199 1905 404 2009 Σύμμαχος,
423 1905 475 1997 τήν
493 1905 554 2012 μέι
573 1904 730 1986 ἐκάλεσα
749 1903 953 2010 εὐτηέπειαι,
973 1903 1025 1996 τήν
1051 1901 1086 1985 δέ
1110 1909 1192 2010 μίαν
1215 1906 1328 1987 ieci-⁰

198 2051 290 2110 λισα
313 2035 512 2135 σχοέιισμα.
569 2031 666 2111 1Τοῦ
687 2029 752 2129 μὲν
772 2032 835 2109 οὖν
859 2029 993 2113 παντὸς
1015 2030 1136 2115 ἔθνους
1161 2034 1300 2116 κάλλος

199 2156 257 2232 καὶ
282 2156 488 2258 εὐπρέπειαν
505 2154 569 2234 τὸν
587 2162 682 2236 θεῖον
707 2155 816 2250 νόμον
841 2158 899 2234 καὶ
922 2156 988 2253 τὴν
1012 2158 1049 2232 ἐν
1076 2156 1171 2261 αὐτῷ
1195 2189 1296 2257 περι-

159 2279 369 2385 ιιεχομένηυ
405 2280 575 2381 διαθήκην
611 2278 800 2377 ὠνόμασεν
836 2279 989 2363 εἰκότως.
1059 2280 1118 2359 Τά
1154 2314 1192 2360 τε
1230 2279 1324 2384 γᾶρε

199 2404 316 2501 σεμνά
342 2411 405 2504 τῆς
422 2405 671 2508 Ἰερουσαλὴμ,
696 2441 718 2485 κ

199 2535 374 2635 τουργίας,
389 2537 447 2612 καὶ
466 2534 586 2614 πάντα
604 2535 675 2613 ὅσα
693 2532 809 2612 πάλαι
827 2529 1000 2633 πρότερον
1018 2534 1056 2608 ἐν
1074 2532 1192 2614 αὐτοῖς
1210 2529 1302 2610 κατὰ

199 2654 281 2740 τοὺς
299 2659 410 2741 θείους
433 2658 560 2756 νόμους
579 2662 637 2736 καὶ
659 2656 749 2736 κατὰ
767 2655 833 2755 τὴν
851 2654 1012 2734 παλαιὰν
1030 2653 1201 2752 διαθήκην
1219 2659 1301 2734 ε’πο-

199 2781 366 2878 λιτεύετο,
398 2780 535 2881 κόσμος
572 2780 746 2882 εὐπρεπὴς
779 2784 914 2885 ὑπῆρχε
951 2787 1025 2863 τοῖς
1058 2779 1127 2860 ὑπὸ
1164 2779 1299 2859 τούτων

238 2937 383 3014 Ῑδευτέραν
397 2940 438 3012 δὲ]
454 2942 482 2996 δι’
496 2943 618 3012 δευτέρον
634 2943 663 2998 P.
734 2941 861 3013 Ερθβδος
876 2941 903 2996 S.
970 2936 986 2982 ¹¹
1001 2939 1090 3013 θτέμον
1105 2942 1164 2997 ED.
1181 2941 1298 2997 ΡΔΗΙΒ,

198 3016 315 3094 ΙΤοῦτο]
332 3023 380 3075 τοῦ
395 3023 426 3076 P.
442 3029 474 3076 ut
488 3023 562 3094 vulg.
579 3022 608 3078 S.

197 3140 294 3215 tioque
308 3139 447 3205 Mosaios,
463 3141 610 3216 omnisque
622 3141 715 3214 prisce
728 3141 904 3204 constitutio,
920 3159 982 3214 quce
997 3148 1079 3198 vetus
1093 3141 1196 3198 dicitur
1209 3147 1298 3198 testa·

197 3229 335 3286 mentum,
349 3221 459 3295 hocque
473 3221 565 3294 ipsum
579 3221 625 3278 vel
645 3239 678 3277 ex
700 3221 762 3294 ipsa
782 3220 931 3294 prophetie
951 3221 1034 3294 plene
1048 3221 1216 3284 constiten't,
1231 3221 1299 3278 dum

198 3301 247 3365 ait,
261 3299 301 3357 Et
312 3303 419 3374 capium
430 3301 536 3375 virgum
549 3319 635 3356 mecm
647 3299 803 3374 pulchram,
813 3306 838 3354 el
850 3298 976 3370 adjiciam
992 3317 1052 3356 eom
1066 3301 1103 3356 ad
1114 3303 1298 3374 dissipandum

199 3387 386 3437 testamentum
409 3397 508 3438 meum.
551 3379 642 3436 Vides
667 3386 699 3435 ut
722 3385 926 3435 testamentum
948 3378 1060 3452 quidem
1083 3397 1164 3436 suum
1187 3380 1298 3454 virgam

197 3459 322 3534 priorem
342 3477 404 3516 esse
425 3459 546 3516 dixerit:
569 3459 687 3516 alteram
701 3476 769 3515 vero
787 3457 907 3532 virgam.
925 3457 1090 3524 funiculum,
1106 3467 1245 3516 ettamen
1265 3477 1297 3516 sc

198 3547 346 3613 utcumque
365 3539 541 3614 abjecturum
561 3539 694 3605 minetur,
710 3538 838 3612 quumvis
851 3539 929 3612 prius
943 3537 1055 3604 dixerit,
1071 3546 1098 3594 et
1113 3541 1216 3612 capium
1231 3539 1299 3594 ιαίλί

198 3621 250 3692 ipsi
263 3620 333 3676 duos
345 3623 446 3692 virgus,
462 3637 543 3676 unum
556 3619 651 3675 vocavi
668 3618 907 3692 pulchritudinem,
922 3626 949 3674 el
970 3620 1086 3674 alterum
1107 3619 1201 3674 ccccvi
1211 3616 1296 3692 funi-

199 3698 310 3755 culum:
332 3716 384 3772 pro
399 3717 454 3773 quo
470 3698 571 3772 Aquila
584 3696 699 3772 quidem
718 3697 758 3754 sic
779 3698 928 3762 convertit,
947 3697 1034 3754 Unam
1056 3697 1149 3753 οοοαυὶ
1168 3699 1298 3762 decorem,

198 3785 226 3834 et
240 3779 354 3834 ulcerum
367 3781 462 3836 uocaui
468 3777 646 3851 funiculum:
666 3777 855 3854 Symmachus
869 3785 972 3843 autem,
990 3779 1072 3834 Hanc
1086 3777 1192 3848 quidem
1205 3778 1298 3833 uocaui

199 3859 330 3922 decorem,
345 3859 422 3914 ilium
436 3865 528 3914 autem
541 3861 635 3915 vocavi
646 3857 817 3931 funiculum.
861 3857 924 3914 Hoc
938 3857 1026 3932 igitur
1045 3856 1182 3912 universo
1203 3855 1298 3930 gentis

198 3935 415 4011 pulchritudinis
429 3937 595 4012 decorisque
609 3938 723 3995 nomine
737 3937 861 3994 divinem
875 3937 969 4011 legem
983 3944 1013 3992 et
1027 3934 1102 4009 quod
1123 3936 1152 3991 iu
1174 3953 1209 3992 ee
1229 3953 1297 3992 con-

198 4016 306 4074 tinetur
323 4023 526 4075 testamentum
545 4018 647 4074 merito
666 4017 798 4092 appellet.
840 4015 1049 4072 venerabilitas
1065 4014 1139 4072 enim
1160 4015 1208 4072 ille
1220 4015 1298 4072 urbis

200 4095 389 4162 Hierusalem,
405 4104 435 4154 et
449 4117 510 4171 quae
524 4098 553 4154 iu
568 4115 603 4153 ea
620 4097 658 4152 ad
677 4115 779 4153 munus
797 4095 962 4169 pontificum
984 4094 1217 4169 sacerdotumque
1233 4113 1297 4170 per-

198 4175 337 4244 tinebunt,
352 4187 412 4235 tum
434 4178 519 4234 etiam
542 4176 638 4234 omnio
656 4193 829 4250 quecunque
852 4174 920 4230 olim
946 4175 1020 4249 apud
1041 4174 1104 4231 illos
1126 4175 1245 4250 populos
1264 4192 1298 4229 ex

200 4253 303 4312 divinis
323 4256 436 4331 legibus
461 4266 489 4314 et
510 4275 546 4313 ex
568 4254 656 4313 veteri
674 4254 899 4312 testamentode
922 4273 1001 4312 more
1022 4254 1100 4330 prius
1120 4254 1299 4312 edministre-
