3130 4722
240 225 304 291 οοο
688 221 873 286 susurru
1317 240 1351 301 p.
1361 234 1494 301 343-
1550 241 1551 266 ι

239 395 511 478 πεπιστευκότες
530 393 730 473 ἀπόστολοι
749 395 807 470 καὶ
831 393 988 488 μαθηταὶ
1006 393 1065 467 καὶ
1090 388 1344 489 εὐαγγελισταὶ

240 530 304 601 τοῦ
324 526 490 623 Σωτῆρος
509 521 619 619 ἡμῶν,
638 519 699 603 οὓς
717 517 1007 622 ἐπιστρέψαντας
1033 514 1140 598 αὐτὸς
1166 516 1185 592 ό
1214 510 1345 612 Κύριος

241 649 457 746 ’ποιμαίνειν
485 647 638 746 λέγεται,
658 645 700 722 οὐ
728 641 845 726 καθόις
873 642 914 721 τό
942 645 1027 743 πρὶν
1055 643 1097 720 δι’
1128 638 1297 741 ἀγγέλων
1322 634 1345 736 ἢ

243 772 301 852 διά
328 770 556 875 θεραπόντων
576 770 785 871 ἀνθρώπων,
805 771 889 846 ἀλλ’
909 767 1016 850 αὐτὸς
1034 769 1076 847 δι’
1097 768 1233 860 ἑαυτοῦ,
1252 764 1347 842 ὥστε
1360 804 1390 838 ιο

243 899 302 978 διά
334 907 440 978 τοῦτο
473 903 739 999 μεγαλυνθῆναι
772 893 899 978 αὐτοὺς
928 895 993 977 ἕως
1026 894 1144 997 ἀκρων
1169 897 1232 990 τῆς
1264 895 1344 990 γῆς.

244 1023 572 1124 Ἐμεγαλόνθησαν
599 1024 672 1126 γάρ
702 1024 760 1103 ότε
791 1031 837 1108 εἰς
865 1031 987 1102 ποῖσιιν
1015 1020 1067 1114 την
1090 1021 1150 1122 γῗηι
1177 1016 1303 1125 ἑξηλθεν
1332 1027 1347 1098 ό

248 1148 401 1258 φθόγγος
433 1149 550 1241 αὐτόν,
584 1153 645 1231 καί
678 1159 724 1236 εἰς
753 1149 799 1229 rh
834 1148 967 1255 πέρατοι
995 1146 1053 1240 της
1086 1145 1272 1248 οἰκουμένης
1304 1142 1350 1222 τῖι

211 1279 363 1384 ophim
385 1275 500 1354 αὐτόν.
561 1275 754 1378 Πρόδηλον
782 1275 819 1354 δὲ
848 1277 906 1355 καὶ
929 1277 1053 1354 ὁποῖον
1071 1273 1164 1374 με’γα
1187 1270 1367 1368 ποίμνιον

249 1402 328 1482 καθ’
350 1401 439 1500 όλης
457 1407 520 1501 τῆς
538 1408 605 1502 γῆς
623 1406 662 1481 εἰι
680 1409 839 1503 λογικῶν
866 1404 925 1480 καὶ
952 1398 1180 1504 ἀνθρωπείων
1205 1393 1348 1499 προβά·
1550 1421 1551 1468 ι

249 1563 322 1609 των
347 1534 398 1636 τῷ
419 1530 541 1636 Κυρίῳ
567 1527 625 1609 διά
649 1535 721 1608 τῶν
747 1526 966 1610 ἀποστόλων
990 1529 1099 1606 αὐτοῦ
1127 1523 1298 1632 συνίστη·
1331 1522 1474 1607 ‹ip-344

251 1658 309 1734 καὶ
333 1653 438 1736 αὐτὸς
458 1655 478 1731 ό
499 1654 630 1756 Κύριος
650 1657 691 1733 δι’
713 1656 848 1749 ἑαυτοῦ,
868 1652 1002 1754 ποιμὴν
1021 1655 1109 1749 ὁμοῦ
1135 1654 1193 1731 καὶ
1219 1649 1351 1752 Κύριος

252 1781 302 1860 ὧν
330 1785 393 1878 τῆς
421 1781 583 1878 ποίμνης,
609 1780 813 1886 ἐπόψεσθαι
841 1783 900 1858 καὶ
930 1780 1159 1877 Ι’ποιμαίνειν
1186 1780 1223 1855 ἐν
1251 1774 1354 1880 ἰσχύϊ

253 1905 404 2004 λέγεται,
430 1900 524 1983 ὥστε
553 1907 590 1984 ἐν
617 1909 707 2009 χειρὶ
726 1911 877 2012 κραταιᾷ
894 1907 953 1984 καὶ
972 1908 1009 1982 ἐν
1026 1905 1192 2008 βραχίονι
1216 1905 1351 2009 ὑψηλῷ

252 2030 342 2133 πρὸς
365 2039 429 2110 τοῦ
455 2029 633 2112 δεσπότου
654 2035 712 2112 καὶ
735 2031 900 2128 ποιμένος
919 2029 1171 2137 φυλαττόμενα
1195 2028 1242 2107 τὰ
1262 2027 1375 2129 πρό-5

253 2167 350 2253 βατα
377 2157 486 2256 μηδέν
513 2193 548 2237 τι
577 2164 702 2238 παθεῖν
731 2159 845 2237 δεινὸν
872 2156 962 2260 πρός
990 2163 1062 2236 τῶν
1094 2154 1353 2261 ἐφεδρευόντων

254 2287 391 2368 ἀὐτοῖς
410 2286 544 2386 ἀγρίων
563 2289 621 2363 καὶ
640 2288 786 2379 ἀπηνῶν
804 2285 947 2385 θηρίων.

218 2455 246 2502 ις
312 2430 385 2505 Καὶ
403 2427 449 2506 τά
467 2424 531 2522 μὲν
549 2429 629 2529 περὶ
648 2431 711 2524 τῆς
730 2429 767 2506 ἐν
786 2426 961 2526 Βηθλεὲμ,
975 2428 1034 2505 καὶ
1052 2431 1115 2524 τῆς
1133 2425 1205 2505 ἀπό
1224 2423 1355 2520 ταίπης

254 2551 409 2657 προόδου
437 2563 501 2633 τοῦ
529 2553 859 2656 προκηρυττομένου
887 2559 992 2650 Θεοῦ,
1019 2562 1146 2632 τοῦτον
1175 2551 1263 2654 ὴὲχει
1291 2550 1398 2664 τὸνί)ο

254 2679 399 2784 τρόπον.
449 2680 527 2779 Τὴν
553 2679 589 2759 δὲ
615 2681 658 2785 ἐξ
680 2681 838 2783 οὐρανῶν
863 2686 910 2763 εἷς
935 2679 1143 2782 ἀνθρώπους
1168 2679 1355 2777 ἐπιδημίαν

298 2851 312 2881 ¹
326 2840 470 2912 ποιμονιῖν]
487 2843 629 2911 ποιμαίνειν
641 2842 672 2896 Ρ.
714 2842 783 2896 Dedi
797 2859 861 2895 mox
874 2840 957 2911 ἄκρων
972 2849 1003 2894 ut
1016 2841 1086 2895 infra
1099 2859 1126 2911 p.
1135 2854 1196 2910 344
1210 2857 1234 2893 ο.
1249 2853 1293 2908 13.
1306 2855 1382 2910 pro⁸

257 2949 344 3018 ἀκρον.
428 2955 458 2987 Η
471 2948 617 3019 ποιμανεῑν]
635 2946 837 3016 ποιμένεινΡ.8.
921 2917 1036 3002 “ebriis
1051 2945 1081 3000 Ρ.
1166 2939 1264 3014 λ’ἕχειν
1279 2942 1341 2997 RS.

258 3065 404 3120 Christum
421 3064 476 3120 Dei
491 3066 680 3130 crediderunt,
696 3067 815 3140 apostoli
831 3075 859 3123 et
874 3065 1002 3140 discipuli
1016 3072 1045 3122 et
1059 3064 1241 3138 evangelistae
1258 3063 1371 3124 Salen.

258 3144 327 3200 toris
341 3144 449 3200 nostri:
473 3163 544 3219 quos
558 3164 710 3203 conversos
730 3149 790 3221 ipse
805 3146 944 3202 Dominus
957 3165 1072 3220 pascere
1087 3147 1197 3208 dicitur.
1213 3165 1271 3202 non
1285 3146 1358 3202 siout

258 3223 335 3299 prius
350 3243 399 3298 per
413 3226 531 3298 angelos
545 3236 594 3283 eut
607 3245 658 3301 per
672 3227 853 3284 administros
867 3227 1005 3293 homines,
1021 3227 1072 3284 sed
1086 3227 1146 3300 ipse
1160 3245 1211 3300 per
1224 3226 1356 3299 seipsum.

259 3305 432 3379 usqueadeo
448 3315 478 3362 ut
494 3319 608 3381 propter
628 3308 683 3365 hoo
704 3307 879 3383 magnificari
901 3326 950 3363 eos
971 3307 1124 3382 contigerit
1142 3325 1231 3382 usque
1249 3307 1284 3363 sd
1305 3325 1355 3363 ex-

258 3395 381 3443 tremum
396 3397 486 3443 terroe.
515 3388 694 3463 Magnificati
705 3390 780 3445 enim
796 3400 870 3454 suot,
883 3407 938 3462 quo
952 3396 1082 3462 tempore
1095 3389 1124 3444 ιἰι
1138 3407 1241 3444 οιυπευι
1257 3396 1359 3444 terram

259 3468 342 3525 estoit
355 3487 435 3524 sonus
448 3487 550 3532 eurum,
565 3479 590 3525 et
605 3471 633 3525 ιἰι
647 3472 722 3545 finer
736 3470 806 3526 orbis
820 3477 898 3525 νοντα
917 3470 999 3525 uerbo
1012 3487 1111 3525 eorum.
1154 3469 1277 3525 Constat
1290 3486 1358 3525 vero
1423 3503 1428 3512 ·

260 3548 344 3605 etiarn
360 3548 438 3614 illud,
451 3568 535 3622 quam
551 3568 671 3624 magnus
686 3569 757 3624 grex
772 3569 822 3624 per
836 3550 994 3606 universum
1006 3557 1111 3605 terram
1126 3568 1162 3606 ex
1176 3549 1359 3605 rationalibus

260 3628 447 3704 humanisque
472 3630 571 3686 ovibus
595 3631 648 3705 ipsi
672 3631 795 3686 Domino
820 3647 869 3706 per
893 3629 1037 3704 apostolos
1060 3647 1126 3686 suos
1151 3628 1286 3686 collectus
1311 3629 1354 3686 sib

261 3709 353 3777 Quem
370 3729 437 3766 sune
451 3729 570 3785 gregem
584 3712 644 3785 ipse
659 3711 798 3766 Dominus
811 3729 862 3784 per
876 3712 1008 3784 seipsum,
1024 3710 1071 3784 qui
1086 3712 1146 3784 ejus
1164 3720 1262 3784 pastor
1276 3709 1360 3765 simui

261 3798 291 3845 et
304 3790 444 3846 Dominus
459 3800 512 3857 est,
526 3792 637 3848 visurus
658 3799 845 3864 pasturusque
863 3789 893 3845 in
907 3791 1008 3847 robore
1023 3791 1135 3856 dieitur,
1150 3792 1221 3847 adeo
1236 3790 1358 3865 quidem,

261 3878 294 3924 ut
314 3870 343 3924 iu
364 3888 450 3927 mauu
472 3870 538 3927 forti
559 3882 588 3927 et
609 3871 724 3927 brechio
743 3871 855 3927 excelso
877 3889 894 3926 a
914 3871 1041 3927 Domino
1062 3879 1091 3928 et
1112 3880 1225 3945 pastore
1244 3889 1358 3928 conser-

261 3957 333 4004 vatae
355 3969 422 4006 oves
443 3951 513 4008 nihil
533 3952 599 4008 meli
620 3952 764 4026 potiuntur
778 3951 814 4008 ab
828 3950 1024 4008 insidiantibus
1042 3954 1149 4026 asperis
1163 3960 1192 4009 et
1205 3951 1360 4008 immitibus

262 4028 337 4084 feris.

302 4109 340 4164 Et
354 4127 388 4162 ee
402 4109 513 4180 quidem
530 4130 591 4183 quae
612 4112 648 4167 ad
667 4121 761 4168 ortum
776 4112 805 4168 in
822 4112 980 4177 Bethleem,
996 4131 1114 4188 quaeque
1129 4113 1164 4168 ad
1178 4130 1360 4188 progressum

261 4204 296 4241 ex
312 4205 345 4242 eo
360 4187 512 4258 pertinent,
524 4190 586 4261 ejus
596 4191 650 4246 Dei
665 4211 746 4264 quem
762 4193 909 4266 prophetae
924 4194 1105 4256 nunciabant,
1114 4192 1144 4249 io
1158 4193 1234 4249 hunc
1245 4191 1360 4248 modum

261 4283 292 4321 se
304 4265 420 4320 habent.
463 4266 626 4324 Adventum
642 4281 735 4326 autem
751 4272 838 4344 ipsius
852 4273 966 4328 Domini
986 4283 1015 4329 et
1032 4273 1153 4346 pastoris
1174 4273 1209 4329 de
1232 4272 1304 4329 eoelo
1325 4272 1361 4328 ud
