3142 4720
65 288 195 354 —299.
471 273 698 338 DEMONS'I'.
723 274 892 338 EVANG.
918 276 973 337 VI.
993 294 1044 338 20.
1241 272 1301 338 601

207 432 335 532 αὐτῶν,
354 434 411 510 καὶ
436 430 519 516 τοῦς
542 435 676 516 ἐντοῖς
699 431 909 536 ἀγάλμασιν
933 431 1206 536 ἐμφωλεύοντας
1225 433 1302 512 δαί-

207 589 328 652 μονας,
361 557 445 642 τούς
480 592 517 637 τε
554 555 669 638 πάλαι
707 562 744 637 ἐν
781 561 898 643 αὐτοῖς
932 559 1058 638 πολλὰ
1094 558 1305 656 δυναμένους
1317 604 1346 638 ιο

167 715 199 764 ¹⁹
206 682 523 784 ἐγγαστριμύθους,
543 685 643 765 οῦδέν
661 719 696 763 τι
714 686 827 765 πλέον
844 685 888 791 ἐξ
902 687 1018 766 αῦτῶν
1040 684 1175 788 έχουσι.
1235 685 1335 766 Διόο

207 815 323 913 φησιν
348 811 369 888 ό
391 807 512 910 λόγος,
534 819 593 891 καὶ
623 813 861 918 ἐπερωτήσαντι
890 809 963 895 τοῦτ
991 808 1077 896 θροῦς
1105 809 1222 902 αὐτόν,
1246 821 1305 890 καὶ

208 931 254 1012 rit
278 932 488 1040 ιὐγιίλματα
515 936 630 1026 aazia,
653 947 712 1016 acci
741 936 814 1022 τοῦτ
839 935 1137 1041 ἐγγαστριμύθους.
1197 937 1305 1016 Ἀλλ’

208 1060 369 1156 οὐδεμιᾶς·
397 1060 480 1163 γὰρ,
507 1065 612 1168 φησὶ,
641 1060 824 1168 τεύξονται
857 1064 1022 1161 βοηθείας
1050 1067 1110 1141 uoi
1139 1066 1197 1144 ἐπὶ
1225 1062 1307 1148 τοῦς

207 1188 486 1288 πεπλανημένως
514 1195 705 1273 δοκοῦντας
736 1190 852 1269 αύτῦν
882 1185 969 1268 εἶναι
998 1187 1098 1272 θεοὺς
1126 1188 1328 1295 aucupari-5

208 1347 341 1414 γοντες,
359 1312 439 1394 τότε
458 1315 621 1414 μάλιστα
645 1315 772 1398 αῦτοῦς
789 1323 853 1394 τοῦ
872 1320 968 1394 Θεοῦ
986 1316 1116 1416 κυρίοις
1133 1321 1306 1415 σκληροῖς

208 1441 265 1518 καὶ
294 1447 493 1533 βασιλεῦσι
518 1440 785 1543 παραδιδόντος,
808 1439 865 1518 ὅτε
893 1447 967 1523 τοῖς
996 1439 1162 1536 δαίμοσιν
1190 1440 1306 1516 αῦτῶν

205 1565 415 1664 πειθόμενοι,
439 1570 496 1646 καὶ
527 1569 584 1645 ὑπ’
604 1568 720 1646 αὐτῶν
747 1565 998 1668 ἐνεργούμενοι,
1022 1563 1104 1646 τοῦς
1129 1562 1220 1642 κατὰ
1243 1568 1306 1661 τῆς

166 1729 198 1764 ιο
207 1692 401 1790 ἐκκλησίας
418 1700 481 1771 τοῦ
498 1698 593 1772 Θεοῦ
611 1690 787 1792 διωγμοῦς
804 1693 1058 1794 ἐπεγείρουσιν.
1107 1687 1227 1770 Ἔνθα
1244 1693 1304 1787 μοὶ
1316 1724 1346 1758 ¹0

205 1816 269 1896 τὸν
299 1825 384 1897 νοῦν
415 1817 630 1916 ἐπιστήσεις,
658 1820 739 1898 τίνα
765 1817 898 1919 τρόπον
925 1816 1029 1920 μέχρι
1055 1814 1121 1914 μέν
1150 1820 1213 1914 τῆς
1241 1827 1304 1894 τοῦ

207 1948 374 2045 Σωτῆρος
392 1945 493 2042 ἡμῶν
509 1947 632 2043 Ἰησοῦ
650 1950 813 2046 Χριστοῦ
831 1945 1035 2048 ἐπιφανείας
1053 1945 1211 2026 Χοἰκείοις
1228 1951 1328 2037 βαι-θ

205 2076 375 2148 αιλεῦσιν
392 2070 487 2152 ἰδίως
505 2074 563 2149 καὶ
581 2073 662 2151 καθ’
678 2068 806 2168 ἑαυτὴν
822 2076 926 2148 πᾶσα
943 2068 1125 2170 Αἴγυπτος
1143 2069 1303 2175 κέχρητο,

204 2197 243 2273 ἐν
265 2195 460 2300 αύτονομία
483 2228 522 2273 τε
547 2200 606 2274 καὶ
633 2198 671 2274 ε’ν
695 2195 873 2300 ἐλευθερίᾳ
897 2198 1022 2296 διῆγον
1046 2200 1079 2274 οἱ
1105 2193 1304 2294 Αἰγύπτιοι,

205 2322 397 2400 δυναστεία
427 2319 465 2400 δὲ
497 2322 615 2400 αὐτῶν
641 2321 685 2427 ἐξ
713 2326 839 2404 αι’ὣνος
866 2319 987 2421 μακρά
1014 2354 1068 2403 τις
1095 2323 1152 2398 καὶ
1179 2319 1326 2419 πολλῆς

205 2444 372 2544 βεβόητο,
400 2447 444 2553 ἐξ
469 2449 600 2526 ἐκείνου
627 2481 666 2526 τε
696 2446 841 2548 πρώτον
865 2446 1052 2542 Ῥωμαίων
1082 2446 1306 2547 Αὐγούστου,

207 2576 287 2653 καθ’
314 2573 356 2653 ὃν
387 2576 407 2652 ό
438 2572 569 2675 Κύριος
596 2573 696 2671 ἡμῶν
724 2571 924 2674 γεγέννητο,
948 2571 1214 2674 χειρωσαμένου
1241 2571 1306 2669 τὴν

209 2698 403 2800 Α’ίγιπτον,
432 2699 589 2799 ὑστάτης
620 2733 658 2778 τε
691 2704 764 2778 τῶν
795 2698 1032 2794 Πτολεμαίων
1068 2695 1306 2798 Κλεοπάτρας

586 2871 675 2925 ¹¹68.
758 2852 881 2925 ‘talmatii
896 2869 925 2923 S.

207 3031 239 3068 sc
260 3013 439 3069 sciscitentur
460 3013 488 3070 in
510 3013 631 3070 oraculis
650 3033 683 3070 ac
705 3014 924 3071 divinationibus
944 3013 1092 3069 adversum
1116 3029 1177 3075 uos,
1195 3011 1306 3086 quoties

208 3092 276 3149 deos
297 3111 374 3156 suos,
389 3103 418 3150 et
431 3093 575 3150 latitantes
597 3092 626 3149 in
647 3094 804 3150 simulacris
825 3094 978 3156 daemonas,
994 3099 1023 3148 et
1041 3111 1090 3149 eos
1111 3091 1158 3165 qui
1178 3092 1255 3165 prius
1275 3091 1306 3148 iu

208 3172 275 3245 ipsis
297 3173 419 3229 multum
443 3182 574 3247 poteraut
598 3173 754 3248 Pythonas,
777 3174 890 3239 adeunt,
913 3173 983 3229 nihil
1007 3181 1103 3229 temen
1128 3172 1248 3246 amplius
1269 3191 1305 3229 ex

206 3251 261 3308 illis
275 3252 391 3309 habent.
434 3253 615 3327 Quapropter
628 3254 772 3311 oraculum
793 3254 842 3318 uit,
857 3255 900 3310 Et
919 3254 1126 3326 interrogabunt
1146 3255 1210 3308 deor
1229 3271 1303 3319 suus,

207 3340 233 3388 et
246 3333 416 3390 simulachro
428 3353 489 3400 suc,
504 3341 531 3389 et
548 3334 708 3411 Pythonas:
730 3334 879 3398 sedenim.
895 3333 995 3408 iuquit,
1010 3332 1117 3388 nullum
1133 3331 1215 3406 plane
1230 3331 1303 3387 obti-

207 3412 316 3469 nebunt
335 3412 480 3478 auxilium,
496 3413 654 3488 quicunque
675 3414 711 3470 ad
732 3433 791 3480 eos,
810 3415 857 3488 qui
878 3415 1004 3488 ipsorum
1024 3412 1063 3468 dii
1081 3429 1144 3467 esse
1157 3411 1306 3468 videantur

208 3493 309 3566 quique
323 3493 400 3567 ipsos
414 3504 498 3550 antea
518 3493 689 3568 deceperint,
712 3494 886 3568 confugient.
904 3503 972 3550 tuno
994 3491 1089 3565 utique
1111 3490 1233 3545 maxime
1255 3508 1305 3546 eos

206 3571 284 3645 ipsos
303 3572 425 3630 dominis
443 3592 475 3630 ac
490 3573 605 3648 reffl‘bus
619 3575 725 3647 asperis
739 3573 869 3630 tradente
883 3571 1017 3636 Domino,
1029 3589 1115 3644 quum
1129 3568 1305 3626 daemonibua

208 3652 266 3708 suis
293 3653 485 3710 auscultantes
512 3663 542 3710 et
569 3653 604 3710 ab
632 3654 687 3710 illis
715 3653 841 3710 instincti
868 3651 1068 3709 insectationes
1093 3648 1227 3705 adversus
1252 3648 1305 3705 Dei

207 3731 353 3788 ecelesiam
369 3733 560 3790 concitabunt.
604 3734 660 3789 Hic
676 3733 744 3790 mihi
758 3733 882 3790 animum
897 3732 1027 3788 advertas
1046 3729 1197 3803 diligenter
1210 3728 1306 3796 velim,

207 3830 329 3884 quonam
346 3822 429 3886 pecto
443 3833 531 3888 usque
546 3814 582 3870 ad
597 3811 753 3870 Salvatoris
766 3813 856 3870 nostri
870 3813 939 3870 ,lesu
954 3811 1060 3867 Christi
1075 3809 1226 3866 adventum
1247 3809 1305 3866 suis

207 3893 322 3966 regibus
336 3911 464 3949 seorsum
478 3911 512 3950 ac
526 3913 576 3968 per
590 3913 620 3950 se
634 3903 696 3950 tota
709 3893 856 3968 AEgyptus
870 3901 1005 3954 uteretur.
1021 3899 1049 3947 et
1064 3889 1092 3945 iu
1107 3908 1158 3945 suo
1178 3888 1305 3963 ipsorum

203 3971 268 4044 jure
291 3989 324 4028 ac
346 3973 476 4030 libertate
498 3974 636 4048 degerent
658 3973 799 4048 AEgyptii‚
823 3981 1006 4047 potestasque
1028 3970 1140 4026 illorum
1162 3969 1198 4025 ab
1223 3969 1304 4026 initio

207 4069 291 4124 quam
305 4051 394 4126 longa
408 4062 437 4111 et
451 4072 535 4128 quam
550 4052 639 4109 multa
654 4053 849 4109 famularetur
863 4053 959 4119 fuisse,
975 4061 1003 4108 et
1017 4050 1253 4123 quemadmodum
1269 4068 1303 4106 ex

206 4130 264 4196 illo.
281 4150 368 4206 quum
382 4133 490 4207 primus
504 4133 696 4190 Romanorum
713 4135 859 4207 Augustus
875 4133 968 4206 (cujus
982 4131 1156 4204 temporibus
1164 4129 1304 4185 Dominus

206 4219 304 4268 noster
324 4222 409 4270 natus
430 4217 487 4284 est)
502 4213 663 4289 AEgyptum
686 4212 845 4286 subegisset
866 4221 895 4268 et
914 4211 1068 4267 novissima
1087 4209 1304 4266 Ptolemaeorum

206 4290 360 4366 Cleopatra
373 4303 456 4368 capta
469 4303 553 4360 esset,
569 4294 598 4350 in
614 4294 807 4350 Romanorum
828 4300 998 4368 potestatem
1018 4290 1193 4354 devenerint,
1209 4296 1237 4344 et
1251 4288 1304 4343 sub

246 4405 313 4444 VOla.
329 4407 366 4445 ll.
789 4407 810 4442 m
