3130 4722
63 259 194 328 -343·
451 245 680 313 DEMONST.
705 247 876 314 EVANG.
900 250 978 312 VII.
996 270 1024 314 2.
1248 247 1313 314 685

207 414 314 510 τῆρος
346 411 455 508 ἡμῶν,
482 414 613 515 ἐναργῆ
646 411 816 517 τεκμήρια
848 414 1051 518 παρέχοντα
1083 413 1191 494 αὑτὸν
1224 411 1312 494 εἶναι

167 569 195 616 ¹⁵
206 534 272 614 τὸν
291 535 359 616 ῦττῦ
378 541 441 635 τῆς
458 541 678 644 προφητείας
697 539 928 639 δηλούμενον.
990 543 1062 619 Καὶ
1088 546 1136 625 εἰς
1154 544 1257 643 δεῦρο
1276 538 1313 620 δέ

206 668 241 741 οἱ
259 661 323 741 τὸν
341 663 453 772 τόπον
472 671 657 760 οίκοῦντες,
676 669 725 749 ὡς
742 669 782 744 ἐκ
809 666 973 767 πατέρων
998 671 1046 748 εἰς
1072 665 1198 750 αῦτοῦς
1222 701 1311 746 κατ-

206 789 385 888 ελθοῦσης
404 789 665 894 ιπαραδόσεως,
685 799 757 874 τοῖς
783 800 856 871 τῶν
878 791 998 873 τίκτων
1025 794 1185 893 ἱστορίας
1209 790 1315 896 χάριν

207 920 257 998 είς
283 914 350 1013 τὴν
372 917 538 1016 Βηθλεὲμ
565 918 834 1022 ἀφικνουμένοις
862 929 1105 1021 ιιμαρτυροῦσι
1132 925 1184 1026 τῷ
1213 916 1313 1026 λόγῳ
1326 956 1354 991 ιο

204 1043 437 1141 πιστοῦμενοι
464 1043 530 1144 τὴν
557 1044 728 1145 ἀλήθειαν
747 1044 806 1124 διὰ
829 1051 892 1144 τῆς
918 1055 982 1125 τοῦ
1007 1047 1138 1148 ἄντρου
1162 1046 1339 1152 δείξιωςβ

206 1172 245 1248 ἐν
273 1165 302 1275 ᾧ
329 1179 485 1250 τεκοῦσα
510 1171 533 1270 ἡ
561 1174 735 1274 παρθένος
761 1173 1002 1252 κατατέθειται
1028 1174 1069 1252 τὸ
1088 1172 1235 1279 βρέφος,
1254 1174 1310 1277 ἐφ’

207 1293 259 1377 οἷς
278 1297 301 1393 ἡ
319 1297 520 1400 προφητεία
539 1299 643 1400 φησὶ,
666 1297 737 1376 nal
755 1300 845 1376 τοῦτο
865 1293 962 1377 θοίσει
983 1297 1099 1383 οῦτοῦς
1120 1297 1180 1384 ἕως
1202 1301 1313 1403 καιροῦ

207 1422 392 1514 τικτούσης.
437 1422 586 1528 Τέξττοιι,
608 1433 667 1502 καὶ
696 1432 721 1502 οἱ
749 1425 923 1504 ἐπίλοιποι
945 1425 1007 1504 τοῦτ
1029 1421 1189 1529 &lenuit
1209 1422 1312 1502 αῦττῦν

167 1570 198 1620 16
207 1545 479 1656 ἐπιστρέφουσιν.
537 1548 794 1634 ’Ἀκολοῦθως
828 1547 866 1628 δέ
904 1550 1087 1630 κάνταῦθα
1120 1551 1334 1631 τίκτουσανι

206 1676 336 1770 ’δηλοῖ
352 1669 417 1768 τὴν
435 1674 472 1750 ἐν
490 1678 565 1754 ταῖς
585 1671 746 1774 πρόσθεν
764 1674 995 1778 προφητείαις
1016 1673 1196 1776 παρθένον
1220 1677 1310 1752 ὠνο-

204 1797 404 1896 μασμένην,
422 1801 481 1878 καὶ
505 1798 712 1904 προφήτιδα
734 1798 800 1898 τὴν
817 1798 881 1879 τὸν
898 1798 1134 1898 Ἐμμανουὴλ
1162 1802 1222 1879 καὶ
1249 1797 1312 1878 τὸν

205 1924 263 2013 τῆς
281 1925 442 2028 μεγάλης
461 1924 588 2017 βουλῆς
611 1927 767 2027 ἄγγελοι
792 1925 1068 2032 ἀποτεξομένην.
1121 1925 1221 2007 Ἕως
1238 1923 1311 2026 γὰρ

207 2057 280 2128 τῶν
304 2051 434 2150 ταύτης
458 2059 588 2154 καιρῶν
613 2057 671 2130 καὶ
697 2061 761 2132 τοῦ
786 2051 830 2159 ἐξ
846 2053 954 2150 οιῦτῆς
976 2051 1233 2155 ἀποτεχθέντος
1252 2053 1310 2131 καὶ
1322 2090 1352 2124 10

208 2177 254 2258 τῦ
271 2187 335 2257 τοῦ
353 2179 526 2282 προτέρου
545 2189 637 2259 λαοῦ
654 2178 889 2278 συνειστήκει,
906 2179 1069 2278 δοθείσης
1088 2180 1206 2261 αι’ττοῖς
1220 2211 1310 2280 προ-

208 2306 359 2401 θεσμίας
379 2304 438 2392 ἶνις
460 2310 570 2415 καιροῦ
590 2306 773 2399 τικτοιίσης,
789 2309 882 2387 τοῦτ’
904 2307 1014 2403 έοτιν,
1029 2306 1093 2389 ἕως
1111 2309 1175 2403 ‘Ille
1193 2318 1340 2407 trapa-d

208 2431 316 2530 δόξου
333 2433 506 2533 γενέσεως
523 2441 588 2511 τοῦ
605 2435 643 2512 έκ
663 2437 726 2531 τῆς
749 2432 928 2535 παρθένου
952 2432 1149 2536 τεχθέντος,
1167 2433 1249 2530 μεθ’
1271 2429 1312 2510 ῦν

206 2557 298 2660 ἤρθη
316 2557 381 2656 μέν
402 2561 518 2638 αὐτῶν
537 2560 559 2657 ἡ
578 2561 759 2656 βασιλεία,
779 2565 812 2639 οἱ
834 2558 871 2638 δέ
897 2558 1074 2638 ἐπίλοιποι
1100 2563 1173 2636 τῶν
1199 2561 1307 2637 ἀδελ-

207 2691 290 2788 φῶν
307 2687 435 2780 αι’ττῶν,
455 2686 551 2765 οὗτοι
579 2683 624 2764 ἂν
647 2682 715 2764 εἷεν
742 2689 774 2764 οἱ
800 2691 850 2769 είς
867 2684 930 2764 τὸν
948 2683 1113 2786 Χριστὸν
1132 2692 1196 2762 τοῦ
1216 2689 1334 2772 Ocnus

248 2831 259 2870 ⁸
272 2831 447 2902 παρσῦῶσεοις
461 2831 489 2886 S.
620 2839 634 2870 ¹¹
647 2834 819 2903 μαρτυροῦσι,
833 2836 886 2885 τῶν
898 2829 999 2902 λόγων]
1016 2831 1177 2900 μαρτυροῦσι
1190 2831 1227 2903 τῷ
1240 2830 1312 2903 λόγῳ

207 2911 383 2966 casaubonus
397 2907 494 2966 Exere.
508 2913 536 2965 in
551 2911 650 2967 Bmon.
667 2912 703 2967 11.
720 2929 743 2966 1.
759 2931 787 2984 p.
799 2913 865 2980 163.
888 2911 934 2983 qui
954 2928 1018 2965 mon
1039 2911 1133 2981 ἄντρου
1153 2926 1202 2981 pro
1221 2908 1311 2981 ἀγροῦ.

207 2993 268 3046 noll.
279 2993 336 3046 vit,
352 2993 495 3046 Constant.
509 2992 563 3048 lll.
576 2992 623 3048 τό.
634 3009 683 3062 41.
693 3009 743 3065 43.
767 2991 814 3048 Or.
830 2993 863 3046 de
878 2991 964 3047 Laud.
981 2990 1124 3046 Constant.
1141 3007 1168 3062 p.
1181 3002 1248 3061 741.
1259 3004 1275 3059 3
1281 3005 1310 3062 3.

207 3081 223 3112 ¹
237 3070 386 3126 dentaliter
400 3070 430 3128 S.
515 3081 526 3118 ι’
542 3073 630 3141 δηλοῖς
646 3073 672 3127 S.

206 3176 286 3232 illum
312 3193 374 3232 eree
399 3176 436 3233 de
464 3193 520 3249 quo
541 3175 666 3250 loquitur
688 3176 845 3250 prophetia.
888 3176 983 3250 Atque
1011 3175 1096 3232 hodie
1119 3193 1239 3249 qnoque,
1263 3175 1310 3249 qui

205 3257 300 3313 locum
322 3255 400 3312 illum
415 3256 552 3320 incolunt,
567 3266 702 3330 tunquam
716 3275 734 3312 ιι
749 3257 877 3330 putribus
891 3256 1016 3331 ipsorum
1032 3266 1149 3330 accepta
1164 3255 1309 3319 memoria.

206 3337 251 3400 iie,
266 3337 313 3410 qni
327 3336 437 3393 risendi
458 3336 512 3393 loci
533 3336 626 3411 gratia
651 3337 796 3394 Bethleem
820 3346 918 3413 petere
939 3344 1157 3399 connumerant,
1180 3335 1308 3392 testimo·

206 3418 285 3474 nium
313 3435 395 3474 nuum
423 3417 552 3482 afferunt,
579 3418 690 3473 veritati
716 3419 802 3475 fidem
830 3417 976 3480 facientes,
1005 3434 1161 3491 agrumque
1190 3415 1308 3470 demon-

206 3507 339 3562 strantes,
350 3498 397 3554 ubi
409 3498 491 3573 virgo
505 3499 590 3554 enixa
602 3497 740 3554 infantem
755 3497 904 3572 deposuit:
921 3516 976 3571 que
990 3498 1025 3553 de
1041 3496 1101 3570 ipen
1116 3512 1146 3551 re
1160 3493 1311 3567 prophetin

206 3578 311 3642 sinuit,
330 3579 432 3635 Idcirco
446 3578 522 3635 datie
536 3597 580 3635 eur
593 3595 678 3653 neque
698 3581 736 3634 ad
755 3587 859 3653 tempus
875 3577 1030 3653 parientis:
1051 3575 1151 3650 pariet,
1166 3581 1193 3629 et
1214 3571 1311 3645 reliqui

197 3659 326 3734 fratrum
341 3661 460 3732 ipsorum
481 3666 678 3716 convertentur.
722 3658 921 3716 consentanee
936 3667 1030 3713 autem
1047 3654 1094 3710 hic
1108 3671 1219 3728 quoque
1235 3653 1309 3726 pari-

206 3748 302 3796 entem
323 3739 457 3814 intelligit
473 3757 546 3803 eam,
568 3757 631 3814 quoe
653 3739 682 3794 iu
704 3739 893 3813 superioribus
917 3737 1038 3794 oraculis
1057 3735 1139 3809 virgo
1163 3733 1311 3789 nominata

207 3828 261 3882 est,
281 3829 310 3876 et
327 3820 494 3894 prophetica
516 3821 626 3884 mulier,
645 3837 707 3893 quae
731 3819 822 3894 ipsum
844 3817 1012 3876 Emmanuel
1034 3825 1062 3874 et
1083 3813 1181 3890 magni
1202 3813 1311 3870 consilii

207 3900 340 3974 angelum
355 3909 416 3957 erat
431 3901 563 3977 periture.
606 3900 683 3956 Num
698 3919 787 3976 usque
802 3900 838 3956 ud
853 3900 970 3975 hujusce
984 3908 1114 3972 tempora
1132 3895 1248 3969 ejusque
1263 3895 1311 3969 qui

208 3980 244 4036 de
258 3981 319 4054 ipen
332 3989 393 4038 erut
406 3982 539 4046 oriturus,
554 3999 616 4056 quae
638 3981 674 4037 ud
695 3982 818 4055 priorem
839 3980 973 4055 populum
992 3978 1144 4052 pertinent,
1159 3984 1309 4042 steterunt,

208 4060 312 4136 quippe
330 4080 416 4136 quum
436 4060 478 4118 eie
502 4061 676 4136 praeecriptio
695 4062 832 4135 temporie
852 4061 919 4116 duta
939 4067 1015 4116 esset
1039 4078 1123 4134 usque
1145 4060 1182 4112 ud
1206 4065 1310 4130 ιειιιρυο

207 4144 349 4214 parientis,
368 4143 423 4198 hoc
447 4151 500 4206 eet,
521 4160 609 4215 neque
630 4142 666 4198 ud
689 4141 845 4198 mirabilem
870 4150 963 4197 ortum
985 4141 1056 4214 ejus,
1076 4139 1124 4214 qui
1145 4137 1180 4194 de
1200 4137 1310 4210 virgine

207 4231 387 4279 nasceretur:
411 4229 580 4296 postquem
604 4222 745 4278 sublatum
768 4221 881 4296 quidem
900 4231 944 4278 est
965 4221 1091 4294 ipsorum
1114 4235 1244 4293 regnum,
1263 4215 1311 4290 qni

208 4319 276 4358 vero
299 4301 401 4377 reliqui
424 4303 543 4359 fratrum
568 4303 692 4376 ipsorum
721 4302 861 4366 dicuutur,
884 4301 903 4358 ii
932 4309 998 4358 eunt
1023 4299 1188 4375 accipiendi,
1212 4296 1310 4372 quiin
