<?xml version="1.0" encoding="UTF-8"?>
<!DOCTYPE html PUBLIC "-//W3C//DTD XHTML 1.0 Transitional//EN"
    "http://www.w3.org/TR/xhtml1/DTD/xhtml1-transitional.dtd">
<html xmlns="http://www.w3.org/1999/xhtml" xml:lang="en" lang="en">
 <head>
  <title>
</title>
<meta http-equiv="Content-Type" content="text/html;charset=utf-8" />
  <meta name='ocr-system' content='tesseract 3.04.00' />
  <meta name='ocr-capabilities' content='ocr_page ocr_carea ocr_par ocr_line ocrx_word'/>
</head>
<body>
  <div class='ocr_page' id='page_1' title='image "./evangelicaedemo00donagoog/evangelicaedemo00donagoog_0184.png"; bbox 0 0 3130 4722; ppageno 0'>
   <div class='ocr_carea' id='block_1_1' title="bbox 48 243 1295 328">
    <p class='ocr_par' dir='ltr' id='par_1_1' title="bbox 48 243 1295 328">
     <span class='ocr_line' id='line_1_1' title="bbox 48 243 1295 328; baseline 0.003 -24"><span class='ocrx_word' id='word_1_1' title='bbox 48 244 182 328; x_wconf 86' lang='lat'><strong>—348.</strong></span> <span class='ocrx_word' id='word_1_2' title='bbox 437 245 667 310; x_wconf 84' lang='lat' dir='ltr'><strong>DEMONST.</strong></span> <span class='ocrx_word' id='word_1_3' title='bbox 692 243 861 311; x_wconf 82' lang='lat' dir='ltr'>EVANG.</span> <span class='ocrx_word' id='word_1_4' title='bbox 888 245 1010 309; x_wconf 89' lang='lat' dir='ltr'>v11.2.</span> <span class='ocrx_word' id='word_1_5' title='bbox 1231 243 1295 314; x_wconf 81' lang='lat'>695</span> 
     </span>
    </p>
   </div>
   <div class='ocr_carea' id='block_1_2' title="bbox 149 402 1338 1396">
    <p class='ocr_par' dir='ltr' id='par_1_2' title="bbox 149 402 1338 1396">
     <span class='ocr_line' id='line_1_2' title="bbox 197 402 1297 507; baseline -0.001 -21"><span class='ocrx_word' id='word_1_6' title='bbox 197 407 288 486; x_wconf 85' lang='grc' dir='ltr'>στὸν</span> <span class='ocrx_word' id='word_1_7' title='bbox 302 417 366 488; x_wconf 92' lang='grc' dir='ltr'>τοῦ</span> <span class='ocrx_word' id='word_1_8' title='bbox 385 414 492 506; x_wconf 84' lang='grc' dir='ltr'>Θεοῦ,</span> <span class='ocrx_word' id='word_1_9' title='bbox 504 411 542 486; x_wconf 85' lang='grc' dir='ltr'>ἐν</span> <span class='ocrx_word' id='word_1_10' title='bbox 557 405 722 507; x_wconf 83' lang='grc' dir='ltr'>Βηθλεὲμ</span> <span class='ocrx_word' id='word_1_11' title='bbox 736 413 813 489; x_wconf 85' lang='grc' dir='ltr'>ταῖς</span> <span class='ocrx_word' id='word_1_12' title='bbox 828 402 1074 507; x_wconf 83' lang='grc' dir='ltr'>προρρήσεσιν</span> <span class='ocrx_word' id='word_1_13' title='bbox 1091 403 1297 486; x_wconf 73' lang='grc' dir='ltr'>ἀκολούθως</span> 
     </span>
     <span class='ocr_line' id='line_1_3' title="bbox 149 529 1296 636; baseline -0.003 -23"><span class='ocrx_word' id='word_1_14' title='bbox 149 534 460 635; x_wconf 76' lang='grc' dir='ltr'>ςςγεγεννημίιιον.</span> <span class='ocrx_word' id='word_1_15' title='bbox 520 535 601 612; x_wconf 91' lang='grc' dir='ltr'>Ούκ</span> <span class='ocrx_word' id='word_1_16' title='bbox 628 531 673 612; x_wconf 80' lang='grc' dir='ltr'>δν</span> <span class='ocrx_word' id='word_1_17' title='bbox 695 541 784 634; x_wconf 89' lang='grc' dir='ltr'>γοῦν</span> <span class='ocrx_word' id='word_1_18' title='bbox 812 531 930 611; x_wconf 79' lang='grc' dir='ltr'>ἄλλον</span> <span class='ocrx_word' id='word_1_19' title='bbox 952 565 1005 615; x_wconf 89' lang='grc' dir='ltr'>τις</span> <span class='ocrx_word' id='word_1_20' title='bbox 1030 529 1231 636; x_wconf 79' lang='grc' dir='ltr'>ἐπιδείξειεν</span> <span class='ocrx_word' id='word_1_21' title='bbox 1258 533 1296 610; x_wconf 86' lang='grc' dir='ltr'>ἐκ</span> 
     </span>
     <span class='ocr_line' id='line_1_4' title="bbox 194 655 1320 766; baseline 0 -27"><span class='ocrx_word' id='word_1_22' title='bbox 194 663 325 760; x_wconf 78' lang='grc' dir='ltr'>ταύτης</span> <span class='ocrx_word' id='word_1_23' title='bbox 347 658 499 766; x_wconf 80' lang='grc' dir='ltr'>ἐνδόξως</span> <span class='ocrx_word' id='word_1_24' title='bbox 525 659 613 760; x_wconf 78' lang='grc' dir='ltr'>μετὰ</span> <span class='ocrx_word' id='word_1_25' title='bbox 637 657 719 743; x_wconf 84' lang='grc' dir='ltr'>τούς</span> <span class='ocrx_word' id='word_1_26' title='bbox 742 660 961 765; x_wconf 78' lang='grc' dir='ltr'>προφητείας</span> <span class='ocrx_word' id='word_1_27' title='bbox 985 655 1133 763; x_wconf 82' lang='grc' dir='ltr'>χρόνους</span> <span class='ocrx_word' id='word_1_28' title='bbox 1159 668 1320 758; x_wconf 79' lang='grc' dir='ltr'>πρσελ·ς</span> 
     </span>
     <span class='ocr_line' id='line_1_5' title="bbox 196 783 1297 891; baseline -0.001 -26"><span class='ocrx_word' id='word_1_29' title='bbox 196 784 317 866; x_wconf 89' lang='grc' dir='ltr'>θόντα·</span> <span class='ocrx_word' id='word_1_30' title='bbox 347 786 525 889; x_wconf 80' lang='grc' dir='ltr'>οὔτεγὰρ</span> <span class='ocrx_word' id='word_1_31' title='bbox 552 785 737 883; x_wconf 83' lang='grc' dir='ltr'>βασιλεύς,</span> <span class='ocrx_word' id='word_1_32' title='bbox 760 788 839 865; x_wconf 81' lang='grc' dir='ltr'>οὔτε</span> <span class='ocrx_word' id='word_1_33' title='bbox 866 785 1065 891; x_wconf 86' lang='grc' dir='ltr'>προφήτης,</span> <span class='ocrx_word' id='word_1_34' title='bbox 1089 785 1160 863; x_wconf 84' lang='grc' dir='ltr'>οῦδ</span> <span class='ocrx_word' id='word_1_35' title='bbox 1181 783 1297 887; x_wconf 83' lang='grc' dir='ltr'>ἕτερός</span> 
     </span>
     <span class='ocr_line' id='line_1_6' title="bbox 194 911 1298 1019; baseline -0.002 -27"><span class='ocrx_word' id='word_1_36' title='bbox 194 947 248 996; x_wconf 88' lang='grc' dir='ltr'>τις</span> <span class='ocrx_word' id='word_1_37' title='bbox 271 920 345 992; x_wconf 82' lang='grc' dir='ltr'>τῶν</span> <span class='ocrx_word' id='word_1_38' title='bbox 362 917 445 1016; x_wconf 90' lang='grc' dir='ltr'>παρ’</span> <span class='ocrx_word' id='word_1_39' title='bbox 466 916 649 1016; x_wconf 81' lang='grc' dir='ltr'>Ἑβραίοις</span> <span class='ocrx_word' id='word_1_40' title='bbox 668 920 858 1019; x_wconf 81' lang='grc' dir='ltr'>θεοφιλῶν,</span> <span class='ocrx_word' id='word_1_41' title='bbox 877 911 900 1012; x_wconf 83' lang='grc' dir='ltr'>ἢ</span> <span class='ocrx_word' id='word_1_42' title='bbox 919 911 1026 1012; x_wconf 86' lang='grc' dir='ltr'>μόνος</span> <span class='ocrx_word' id='word_1_43' title='bbox 1053 915 1073 991; x_wconf 86' lang='grc' dir='ltr'><strong>ὁ</strong></span> <span class='ocrx_word' id='word_1_44' title='bbox 1093 911 1221 1014; x_wconf 83' lang='grc' dir='ltr'>Σωτὴρ</span> <span class='ocrx_word' id='word_1_45' title='bbox 1239 915 1298 991; x_wconf 86' lang='grc' dir='ltr'>καὶ</span> 
     </span>
     <span class='ocr_line' id='line_1_7' title="bbox 197 1039 1293 1144; baseline -0.001 -26"><span class='ocrx_word' id='word_1_46' title='bbox 197 1039 329 1142; x_wconf 87' lang='grc' dir='ltr'>Κύριος</span> <span class='ocrx_word' id='word_1_47' title='bbox 353 1043 453 1139; x_wconf 80' lang='grc' dir='ltr'>ἡμῶν</span> <span class='ocrx_word' id='word_1_48' title='bbox 481 1043 501 1120; x_wconf 82' lang='grc' dir='ltr'><em>ὃ</em></span> <span class='ocrx_word' id='word_1_49' title='bbox 530 1039 692 1144; x_wconf 82' lang='grc' dir='ltr'>Χριστός</span> <span class='ocrx_word' id='word_1_50' title='bbox 709 1049 773 1120; x_wconf 93' lang='grc' dir='ltr'>τοῦ</span> <span class='ocrx_word' id='word_1_51' title='bbox 793 1046 898 1136; x_wconf 91' lang='grc' dir='ltr'>Θεοῦ,</span> <span class='ocrx_word' id='word_1_52' title='bbox 917 1042 1006 1137; x_wconf 88' lang='grc' dir='ltr'>ὁμοῦ</span> <span class='ocrx_word' id='word_1_53' title='bbox 1031 1041 1088 1118; x_wconf 80' lang='grc' dir='ltr'>καὶ</span> <span class='ocrx_word' id='word_1_54' title='bbox 1113 1041 1151 1117; x_wconf 83' lang='grc' dir='ltr'>ἐκ</span> <span class='ocrx_word' id='word_1_55' title='bbox 1176 1039 1293 1141; x_wconf 75' lang='grc' dir='ltr'>σπέρ-</span> 
     </span>
     <span class='ocr_line' id='line_1_8' title="bbox 194 1166 1338 1268; baseline 0 -23"><span class='ocrx_word' id='word_1_56' title='bbox 194 1201 308 1263; x_wconf 90' lang='grc' dir='ltr'>ματσς</span> <span class='ocrx_word' id='word_1_57' title='bbox 343 1170 465 1262; x_wconf 76' lang='grc' dir='ltr'>Δαβὶδ</span> <span class='ocrx_word' id='word_1_58' title='bbox 501 1169 559 1246; x_wconf 84' lang='grc' dir='ltr'>καὶ</span> <span class='ocrx_word' id='word_1_59' title='bbox 595 1166 718 1248; x_wconf 83' lang='grc' dir='ltr'>αὐτόθι</span> <span class='ocrx_word' id='word_1_60' title='bbox 750 1167 1002 1268; x_wconf 72' lang='grc' dir='ltr'>γεγεννημένος</span> <span class='ocrx_word' id='word_1_61' title='bbox 1035 1167 1290 1246; x_wconf 81' lang='grc' dir='ltr'>ἀποδείκνυται.</span> <span class='ocrx_word' id='word_1_62' title='bbox 1307 1201 1338 1236; x_wconf 87' lang='lat'>10</span> 
     </span>
     <span class='ocr_line' id='line_1_9' title="bbox 150 1291 1295 1396; baseline -0.002 -22"><span class='ocrx_word' id='word_1_63' title='bbox 150 1292 289 1396; x_wconf 85' lang='grc' dir='ltr'>4οὭρα</span> <span class='ocrx_word' id='word_1_64' title='bbox 313 1303 503 1396; x_wconf 81' lang='grc' dir='ltr'>τοιγαροῦν</span> <span class='ocrx_word' id='word_1_65' title='bbox 528 1293 635 1374; x_wconf 81' lang='grc' dir='ltr'>αὐτὸν</span> <span class='ocrx_word' id='word_1_66' title='bbox 659 1297 790 1374; x_wconf 85' lang='grc' dir='ltr'>ἐκεῖνον</span> <span class='ocrx_word' id='word_1_67' title='bbox 807 1291 894 1373; x_wconf 80' lang='grc' dir='ltr'>εἶναι</span> <span class='ocrx_word' id='word_1_68' title='bbox 913 1295 970 1372; x_wconf 81' lang='grc' dir='ltr'>καὶ</span> <span class='ocrx_word' id='word_1_69' title='bbox 989 1291 1068 1372; x_wconf 79' lang='grc' dir='ltr'>οῦδὲ</span> <span class='ocrx_word' id='word_1_70' title='bbox 1094 1293 1212 1372; x_wconf 78' lang='grc' dir='ltr'>σ’ίλλον</span> <span class='ocrx_word' id='word_1_71' title='bbox 1230 1291 1295 1372; x_wconf 82' lang='grc' dir='ltr'>τὸν</span> 
     </span>
    </p>
   </div>
   <div class='ocr_carea' id='block_1_3' title="bbox 193 1419 1323 1916">
    <p class='ocr_par' dir='ltr' id='par_1_3' title="bbox 193 1419 1323 1916">
     <span class='ocr_line' id='line_1_10' title="bbox 194 1419 1323 1527; baseline -0.002 -29"><span class='ocrx_word' id='word_1_72' title='bbox 194 1423 253 1498; x_wconf 80' lang='grc' dir='ltr'>καὶ</span> <span class='ocrx_word' id='word_1_73' title='bbox 277 1422 316 1498; x_wconf 81' lang='grc' dir='ltr'>ἐν</span> <span class='ocrx_word' id='word_1_74' title='bbox 333 1420 471 1504; x_wconf 80' lang='grc' dir='ltr'>τούτοις</span> <span class='ocrx_word' id='word_1_75' title='bbox 488 1419 798 1527; x_wconf 85' lang='grc' dir='ltr'>προφητευόμενον</span> <span class='ocrx_word' id='word_1_76' title='bbox 817 1423 1015 1520; x_wconf 86' lang='grc' dir='ltr'>ὁμολογεῖν,</span> <span class='ocrx_word' id='word_1_77' title='bbox 1035 1419 1090 1498; x_wconf 82' lang='grc' dir='ltr'>ὅτι</span> <span class='ocrx_word' id='word_1_78' title='bbox 1108 1454 1147 1498; x_wconf 92' lang='grc' dir='ltr'>τε</span> <span class='ocrx_word' id='word_1_79' title='bbox 1166 1427 1323 1524; x_wconf 86' lang='grc' dir='ltr'>σαφῶςο</span> 
     </span>
     <span class='ocr_line' id='line_1_11' title="bbox 193 1543 1296 1652; baseline 0 -28"><span class='ocrx_word' id='word_1_80' title='bbox 193 1549 233 1625; x_wconf 84' lang='grc' dir='ltr'>ἐν</span> <span class='ocrx_word' id='word_1_81' title='bbox 261 1553 334 1629; x_wconf 78' lang='grc' dir='ltr'>τοῖς</span> <span class='ocrx_word' id='word_1_82' title='bbox 363 1547 445 1652; x_wconf 72' lang='grc' dir='ltr'>ἑξῆς</span> <span class='ocrx_word' id='word_1_83' title='bbox 476 1549 496 1626; x_wconf 85' lang='grc' dir='ltr'>ὁ</span> <span class='ocrx_word' id='word_1_84' title='bbox 524 1546 628 1631; x_wconf 83' lang='grc' dir='ltr'>αύτδς</span> <span class='ocrx_word' id='word_1_85' title='bbox 657 1548 812 1645; x_wconf 76' lang='grc' dir='ltr'>Ψαλμδς</span> <span class='ocrx_word' id='word_1_86' title='bbox 840 1549 1015 1645; x_wconf 82' lang='grc' dir='ltr'>ὀνομαστὶ</span> <span class='ocrx_word' id='word_1_87' title='bbox 1042 1543 1106 1624; x_wconf 81' lang='grc' dir='ltr'>τὸν</span> <span class='ocrx_word' id='word_1_88' title='bbox 1132 1543 1296 1647; x_wconf 81' lang='grc' dir='ltr'>Χριστὸν</span> 
     </span>
     <span class='ocr_line' id='line_1_12' title="bbox 193 1669 1297 1778; baseline 0.002 -28"><span class='ocrx_word' id='word_1_89' title='bbox 193 1673 475 1775; x_wconf 84' lang='grc' dir='ltr'>προσαγορεύων</span> <span class='ocrx_word' id='word_1_90' title='bbox 505 1682 610 1752; x_wconf 90' lang='grc' dir='ltr'>τοῦτο</span> <span class='ocrx_word' id='word_1_91' title='bbox 641 1675 853 1775; x_wconf 88' lang='grc' dir='ltr'>παρίστησι,</span> <span class='ocrx_word' id='word_1_92' title='bbox 883 1674 925 1752; x_wconf 86' lang='grc' dir='ltr'>δι’</span> <span class='ocrx_word' id='word_1_93' title='bbox 951 1669 1000 1751; x_wconf 81' lang='grc' dir='ltr'>ὧν</span> <span class='ocrx_word' id='word_1_94' title='bbox 1031 1671 1297 1778; x_wconf 74' lang='grc' dir='ltr'>φησὶν,”Ενεκεν</span> 
     </span>
     <span class='ocr_line' id='line_1_13' title="bbox 196 1794 1298 1916; baseline -0.001 -38"><span class='ocrx_word' id='word_1_95' title='bbox 196 1795 324 1894; x_wconf 68' lang='grc' dir='ltr'>Δσβλθ</span> <span class='ocrx_word' id='word_1_96' title='bbox 341 1801 397 1877; x_wconf 74' lang='lat' dir='ltr'>roi</span> <span class='ocrx_word' id='word_1_97' title='bbox 425 1794 540 1879; x_wconf 80' lang='grc' dir='ltr'>δούλια</span> <span class='ocrx_word' id='word_1_98' title='bbox 567 1837 637 1890; x_wconf 85' lang='grc' dir='ltr'>σιν,</span> <span class='ocrx_word' id='word_1_99' title='bbox 658 1797 705 1904; x_wconf 71' lang='grc' dir='ltr'>μλ</span> <span class='ocrx_word' id='word_1_100' title='bbox 731 1795 952 1916; x_wconf 43' lang='lat' dir='ltr'>&amp;weidif</span> <span class='ocrx_word' id='word_1_101' title='bbox 978 1799 1012 1880; x_wconf 77' lang='grc' dir='ltr'>τδ</span> <span class='ocrx_word' id='word_1_102' title='bbox 1042 1805 1215 1906; x_wconf 85' lang='grc' dir='ltr'>πρόσωπον</span> <span class='ocrx_word' id='word_1_103' title='bbox 1243 1801 1298 1877; x_wconf 79' lang='grc' dir='ltr'>τού</span> 
     </span>
    </p>
   </div>
   <div class='ocr_carea' id='block_1_4' title="bbox 156 1924 1340 2790">
    <p class='ocr_par' dir='ltr' id='par_1_4' title="bbox 156 1924 1340 2790">
     <span class='ocr_line' id='line_1_14' title="bbox 196 1924 1322 2034; baseline 0.001 -30"><span class='ocrx_word' id='word_1_104' title='bbox 196 1929 335 2032; x_wconf 72' lang='grc' dir='ltr'>Χριστῶ</span> <span class='ocrx_word' id='word_1_105' title='bbox 372 1962 441 2006; x_wconf 84' lang='grc' dir='ltr'>σου.</span> <span class='ocrx_word' id='word_1_106' title='bbox 501 1929 574 2006; x_wconf 79' lang='grc' dir='ltr'>Καὶ</span> <span class='ocrx_word' id='word_1_107' title='bbox 609 1924 732 2024; x_wconf 78' lang='grc' dir='ltr'>πόλιν,</span> <span class='ocrx_word' id='word_1_108' title='bbox 763 1931 857 2007; x_wconf 68' lang='grc' dir='ltr'>Ἐκεῖ</span> <span class='ocrx_word' id='word_1_109' title='bbox 891 1925 1082 2034; x_wconf 58' lang='lat' dir='ltr'>{geranni</span> <span class='ocrx_word' id='word_1_110' title='bbox 1118 1926 1217 2033; x_wconf 79' lang='grc' dir='ltr'>κίρας</span> <span class='ocrx_word' id='word_1_111' title='bbox 1254 1932 1322 2032; x_wconf 64' lang='lat' dir='ltr'>nqis</span> 
     </span>
     <span class='ocr_line' id='line_1_15' title="bbox 198 2047 1298 2159; baseline 0.004 -28"><span class='ocrx_word' id='word_1_112' title='bbox 198 2047 332 2145; x_wconf 56' lang='lat' dir='ltr'>dead,</span> <span class='ocrx_word' id='word_1_113' title='bbox 363 2055 537 2157; x_wconf 71' lang='grc' dir='ltr'>ι’πσίμιισα</span> <span class='ocrx_word' id='word_1_114' title='bbox 569 2050 687 2149; x_wconf 81' lang='grc' dir='ltr'>λύχνον</span> <span class='ocrx_word' id='word_1_115' title='bbox 720 2061 767 2158; x_wconf 78' lang='grc' dir='ltr'>τῷ</span> <span class='ocrx_word' id='word_1_116' title='bbox 795 2059 926 2159; x_wconf 76' lang='grc' dir='ltr'>Χριστῷ</span> <span class='ocrx_word' id='word_1_117' title='bbox 956 2087 1033 2156; x_wconf 85' lang='grc' dir='ltr'>μιν,</span> <span class='ocrx_word' id='word_1_118' title='bbox 1062 2050 1137 2136; x_wconf 75' lang='grc' dir='ltr'>τοῦς</span> <span class='ocrx_word' id='word_1_119' title='bbox 1170 2048 1298 2158; x_wconf 67' lang='grc' dir='ltr'>ἐχθρούς</span> 
     </span>
     <span class='ocr_line' id='line_1_16' title="bbox 197 2174 1300 2286; baseline -0.004 -26"><span class='ocrx_word' id='word_1_120' title='bbox 197 2182 299 2260; x_wconf 72' lang='grc' dir='ltr'>αὐτοῦ</span> <span class='ocrx_word' id='word_1_121' title='bbox 317 2174 437 2259; x_wconf 81' lang='grc' dir='ltr'>ε’νθύσω</span> <span class='ocrx_word' id='word_1_122' title='bbox 455 2178 624 2276; x_wconf 79' lang='grc' dir='ltr'>αἰσχύνην,</span> <span class='ocrx_word' id='word_1_123' title='bbox 645 2181 702 2258; x_wconf 74' lang='grc' dir='ltr'>ἐπὶ</span> <span class='ocrx_word' id='word_1_124' title='bbox 722 2174 757 2258; x_wconf 71' lang='grc' dir='ltr'>δὲ</span> <span class='ocrx_word' id='word_1_125' title='bbox 777 2179 872 2259; x_wconf 75' lang='grc' dir='ltr'>σῦτλν</span> <span class='ocrx_word' id='word_1_126' title='bbox 892 2177 1051 2286; x_wconf 72' lang='grc' dir='ltr'>ἓξιιιθιίσει</span> <span class='ocrx_word' id='word_1_127' title='bbox 1073 2180 1109 2259; x_wconf 71' lang='lat' dir='ltr'>ri</span> <span class='ocrx_word' id='word_1_128' title='bbox 1129 2175 1300 2283; x_wconf 68' lang='grc' dir='ltr'>ιἰγίασμιί</span> 
     </span>
     <span class='ocr_line' id='line_1_17' title="bbox 156 2303 1298 2413; baseline 0.005 -35"><span class='ocrx_word' id='word_1_129' title='bbox 156 2346 185 2391; x_wconf 75' lang='grc' dir='ltr'>μ</span> <span class='ocrx_word' id='word_1_130' title='bbox 196 2341 275 2410; x_wconf 86' lang='grc' dir='ltr'>μιν.</span> <span class='ocrx_word' id='word_1_131' title='bbox 336 2310 416 2383; x_wconf 90' lang='grc' dir='ltr'>Ποῦ</span> <span class='ocrx_word' id='word_1_132' title='bbox 443 2303 486 2382; x_wconf 76' lang='grc' dir='ltr'>δέ</span> <span class='ocrx_word' id='word_1_133' title='bbox 507 2309 623 2409; x_wconf 91' lang='grc' dir='ltr'>φησιν</span> <span class='ocrx_word' id='word_1_134' title='bbox 650 2307 723 2384; x_wconf 87' lang='grc' dir='ltr'>ε’κεῖ</span> <span class='ocrx_word' id='word_1_135' title='bbox 739 2305 941 2412; x_wconf 82' lang='grc' dir='ltr'>ἐξανατελῶ</span> <span class='ocrx_word' id='word_1_136' title='bbox 968 2306 1070 2408; x_wconf 80' lang='grc' dir='ltr'>κε’ρσς</span> <span class='ocrx_word' id='word_1_137' title='bbox 1094 2313 1145 2413; x_wconf 77' lang='grc' dir='ltr'>τῷ</span> <span class='ocrx_word' id='word_1_138' title='bbox 1168 2309 1298 2402; x_wconf 76' lang='grc' dir='ltr'>Δαβλδ,</span> 
     </span>
     <span class='ocr_line' id='line_1_18' title="bbox 197 2429 1340 2537; baseline -0.003 -28"><span class='ocrx_word' id='word_1_139' title='bbox 197 2429 220 2530; x_wconf 82' lang='grc' dir='ltr'>ἢ</span> <span class='ocrx_word' id='word_1_140' title='bbox 239 2433 277 2510; x_wconf 91' lang='grc' dir='ltr'>ε’ν</span> <span class='ocrx_word' id='word_1_141' title='bbox 291 2435 336 2534; x_wconf 77' lang='grc' dir='ltr'>τῇ</span> <span class='ocrx_word' id='word_1_142' title='bbox 352 2429 517 2530; x_wconf 78' lang='grc' dir='ltr'>Βηθλεὲμ</span> <span class='ocrx_word' id='word_1_143' title='bbox 535 2431 763 2537; x_wconf 77' lang='grc' dir='ltr'>τῇἘφραθύ</span> <span class='ocrx_word' id='word_1_144' title='bbox 780 2465 790 2528; x_wconf 87' lang='grc'><strong>;</strong></span> <span class='ocrx_word' id='word_1_145' title='bbox 822 2433 1007 2512; x_wconf 88' lang='grc' dir='ltr'>Ἐντεῦθεν</span> <span class='ocrx_word' id='word_1_146' title='bbox 1019 2441 1126 2533; x_wconf 79' lang='grc' dir='ltr'>ιγοῦν</span> <span class='ocrx_word' id='word_1_147' title='bbox 1139 2430 1182 2510; x_wconf 83' lang='grc' dir='ltr'>τῦ</span> <span class='ocrx_word' id='word_1_148' title='bbox 1195 2430 1298 2533; x_wconf 82' lang='grc' dir='ltr'>κε’ρας</span> <span class='ocrx_word' id='word_1_149' title='bbox 1310 2472 1340 2507; x_wconf 88' lang='lat'>10</span> 
     </span>
     <span class='ocr_line' id='line_1_19' title="bbox 197 2555 1329 2664; baseline 0.003 -29"><span class='ocrx_word' id='word_1_150' title='bbox 197 2564 261 2636; x_wconf 90' lang='grc' dir='ltr'>τοῦ</span> <span class='ocrx_word' id='word_1_151' title='bbox 282 2559 403 2652; x_wconf 81' lang='grc' dir='ltr'>Δαβὶδ</span> <span class='ocrx_word' id='word_1_152' title='bbox 421 2560 441 2636; x_wconf 88' lang='grc' dir='ltr'>ό</span> <span class='ocrx_word' id='word_1_153' title='bbox 462 2555 622 2658; x_wconf 80' lang='grc' dir='ltr'>Χριστὸς</span> <span class='ocrx_word' id='word_1_154' title='bbox 640 2556 681 2637; x_wconf 83' lang='grc' dir='ltr'>τὸ</span> <span class='ocrx_word' id='word_1_155' title='bbox 701 2557 797 2636; x_wconf 81' lang='grc' dir='ltr'>Ικατὰ</span> <span class='ocrx_word' id='word_1_156' title='bbox 819 2558 940 2660; x_wconf 81' lang='grc' dir='ltr'>σάρκα</span> <span class='ocrx_word' id='word_1_157' title='bbox 964 2557 1038 2638; x_wconf 82' lang='grc' dir='ltr'>οἷόν</span> <span class='ocrx_word' id='word_1_158' title='bbox 1057 2592 1091 2637; x_wconf 89' lang='grc' dir='ltr'>τι</span> <span class='ocrx_word' id='word_1_159' title='bbox 1109 2558 1201 2659; x_wconf 81' lang='grc' dir='ltr'>με’γα</span> <span class='ocrx_word' id='word_1_160' title='bbox 1220 2564 1329 2664; x_wconf 78' lang='grc' dir='ltr'>φῶςδ</span> 
     </span>
     <span class='ocr_line' id='line_1_20' title="bbox 197 2681 1299 2790; baseline 0 -28"><span class='ocrx_word' id='word_1_161' title='bbox 197 2683 423 2790; x_wconf 75' lang='grc' dir='ltr'>ἐξανέτειλεν,</span> <span class='ocrx_word' id='word_1_162' title='bbox 451 2681 603 2763; x_wconf 82' lang='grc' dir='ltr'>ἐνταῦθα’</span> <span class='ocrx_word' id='word_1_163' title='bbox 631 2717 669 2762; x_wconf 93' lang='grc' dir='ltr'>τε</span> <span class='ocrx_word' id='word_1_164' title='bbox 698 2687 987 2787; x_wconf 80' lang='grc' dir='ltr'>Ιιπροητοίμαστσ</span> <span class='ocrx_word' id='word_1_165' title='bbox 1016 2683 1084 2763; x_wconf 79' lang='grc' dir='ltr'>ὑπὸ</span> <span class='ocrx_word' id='word_1_166' title='bbox 1110 2693 1174 2764; x_wconf 91' lang='grc' dir='ltr'>τοῦ</span> <span class='ocrx_word' id='word_1_167' title='bbox 1204 2689 1299 2763; x_wconf 87' lang='grc' dir='ltr'>Θεοῦ</span> 
     </span>
    </p>
   </div>
   <div class='ocr_carea' id='block_1_5' title="bbox 381 2863 1121 2937">
    <p class='ocr_par' dir='ltr' id='par_1_5' title="bbox 381 2863 1121 2937">
     <span class='ocr_line' id='line_1_21' title="bbox 381 2863 1121 2937; baseline 0 -19"><span class='ocrx_word' id='word_1_168' title='bbox 381 2874 392 2900; x_wconf 80' lang='lat'><strong>¹</strong></span> <span class='ocrx_word' id='word_1_169' title='bbox 407 2864 470 2937; x_wconf 79' lang='grc' dir='ltr'>γὰρ]</span> <span class='ocrx_word' id='word_1_170' title='bbox 487 2867 552 2936; x_wconf 88' lang='grc' dir='ltr'>γοῦν</span> <span class='ocrx_word' id='word_1_171' title='bbox 566 2865 596 2917; x_wconf 87' lang='lat' dir='ltr'>P.</span> <span class='ocrx_word' id='word_1_172' title='bbox 680 2863 864 2936; x_wconf 65' lang='grc' dir='ltr'>Ιιἡτοίμαστο]</span> <span class='ocrx_word' id='word_1_173' title='bbox 879 2863 1074 2936; x_wconf 78' lang='grc' dir='ltr'>προήτσιμσστσ</span> <span class='ocrx_word' id='word_1_174' title='bbox 1090 2863 1121 2918; x_wconf 84' lang='grc' dir='ltr'>Ρ.</span> 
     </span>
    </p>
   </div>
   <div class='ocr_carea' id='block_1_6' title="bbox 196 3025 1301 4391">
    <p class='ocr_par' dir='ltr' id='par_1_6' title="bbox 196 3025 1301 4391">
     <span class='ocr_line' id='line_1_22' title="bbox 196 3025 1299 3102; baseline -0.003 -17"><span class='ocrx_word' id='word_1_175' title='bbox 196 3028 296 3086; x_wconf 82' lang='lat' dir='ltr'>Jesum</span> <span class='ocrx_word' id='word_1_176' title='bbox 321 3028 368 3102; x_wconf 90' lang='lat' dir='ltr'>qui</span> <span class='ocrx_word' id='word_1_177' title='bbox 390 3027 523 3084; x_wconf 79' lang='lat' dir='ltr'>Christus</span> <span class='ocrx_word' id='word_1_178' title='bbox 546 3035 590 3084; x_wconf 80' lang='lat' dir='ltr'>est</span> <span class='ocrx_word' id='word_1_179' title='bbox 611 3027 674 3092; x_wconf 85' lang='lat' dir='ltr'>Dei,</span> <span class='ocrx_word' id='word_1_180' title='bbox 697 3028 799 3101; x_wconf 87' lang='lat' dir='ltr'>quique</span> <span class='ocrx_word' id='word_1_181' title='bbox 821 3027 851 3082; x_wconf 94' lang='lat' dir='ltr'>in</span> <span class='ocrx_word' id='word_1_182' title='bbox 875 3026 1033 3095; x_wconf 84' lang='lat' dir='ltr'><strong>Bethleem,</strong></span> <span class='ocrx_word' id='word_1_183' title='bbox 1048 3025 1121 3082; x_wconf 84' lang='lat' dir='ltr'>sieut</span> <span class='ocrx_word' id='word_1_184' title='bbox 1143 3025 1299 3100; x_wconf 73' lang='lat' dir='ltr'>prophetiae</span> 
     </span>
     <span class='ocr_line' id='line_1_23' title="bbox 197 3106 1297 3184; baseline -0.001 -19"><span class='ocrx_word' id='word_1_185' title='bbox 197 3108 397 3184; x_wconf 82' lang='lat' dir='ltr'>praedixerunt,</span> <span class='ocrx_word' id='word_1_186' title='bbox 425 3118 509 3165; x_wconf 82' lang='lat' dir='ltr'>nutus</span> <span class='ocrx_word' id='word_1_187' title='bbox 538 3116 592 3165; x_wconf 82' lang='lat' dir='ltr'>est.</span> <span class='ocrx_word' id='word_1_188' title='bbox 644 3106 764 3164; x_wconf 90' lang='lat' dir='ltr'>Nullum</span> <span class='ocrx_word' id='word_1_189' title='bbox 793 3107 868 3164; x_wconf 86' lang='lat' dir='ltr'>enim</span> <span class='ocrx_word' id='word_1_190' title='bbox 896 3107 981 3164; x_wconf 82' lang='lat' dir='ltr'>elium</span> <span class='ocrx_word' id='word_1_191' title='bbox 1009 3107 1146 3182; x_wconf 80' lang='lat' dir='ltr'>quispiam</span> <span class='ocrx_word' id='word_1_192' title='bbox 1174 3125 1297 3182; x_wconf 82' lang='lat' dir='ltr'>unquam</span> 
     </span>
     <span class='ocr_line' id='line_1_24' title="bbox 197 3187 1297 3264; baseline -0.001 -18"><span class='ocrx_word' id='word_1_193' title='bbox 197 3189 338 3253; x_wconf 80' lang='lat' dir='ltr'>ostendet,</span> <span class='ocrx_word' id='word_1_194' title='bbox 354 3189 402 3263; x_wconf 91' lang='lat' dir='ltr'>qui</span> <span class='ocrx_word' id='word_1_195' title='bbox 415 3188 481 3246; x_wconf 88' lang='lat' dir='ltr'>inde</span> <span class='ocrx_word' id='word_1_196' title='bbox 497 3207 560 3245; x_wconf 88' lang='lat' dir='ltr'>cum</span> <span class='ocrx_word' id='word_1_197' title='bbox 582 3188 674 3264; x_wconf 77' lang='lat' dir='ltr'>gloria</span> <span class='ocrx_word' id='word_1_198' title='bbox 693 3196 759 3262; x_wconf 83' lang='lat' dir='ltr'>poet</span> <span class='ocrx_word' id='word_1_199' title='bbox 775 3187 862 3262; x_wconf 80' lang='lat' dir='ltr'>ipsius</span> <span class='ocrx_word' id='word_1_200' title='bbox 881 3187 1037 3262; x_wconf 86' lang='lat' dir='ltr'>prophetiae</span> <span class='ocrx_word' id='word_1_201' title='bbox 1056 3196 1185 3262; x_wconf 82' lang='lat' dir='ltr'>tempore</span> <span class='ocrx_word' id='word_1_202' title='bbox 1202 3189 1297 3262; x_wconf 91' lang='lat' dir='ltr'>prodi-</span> 
     </span>
     <span class='ocr_line' id='line_1_25' title="bbox 198 3269 1298 3344; baseline -0.001 -18"><span class='ocrx_word' id='word_1_203' title='bbox 198 3271 268 3327; x_wconf 85' lang='lat' dir='ltr'>erit:</span> <span class='ocrx_word' id='word_1_204' title='bbox 290 3269 384 3326; x_wconf 79' lang='lat' dir='ltr'>nullus</span> <span class='ocrx_word' id='word_1_205' title='bbox 397 3269 472 3326; x_wconf 87' lang='lat' dir='ltr'>enim</span> <span class='ocrx_word' id='word_1_206' title='bbox 492 3288 583 3343; x_wconf 89' lang='lat' dir='ltr'>neque</span> <span class='ocrx_word' id='word_1_207' title='bbox 603 3287 663 3336; x_wconf 81' lang='lat' dir='ltr'>rex,</span> <span class='ocrx_word' id='word_1_208' title='bbox 679 3287 770 3342; x_wconf 87' lang='lat' dir='ltr'>neque</span> <span class='ocrx_word' id='word_1_209' title='bbox 791 3269 939 3344; x_wconf 81' lang='lat' dir='ltr'>propheta,</span> <span class='ocrx_word' id='word_1_210' title='bbox 954 3287 1046 3342; x_wconf 91' lang='lat' dir='ltr'>neque</span> <span class='ocrx_word' id='word_1_211' title='bbox 1067 3269 1137 3324; x_wconf 80' lang='lat' dir='ltr'>elius</span> <span class='ocrx_word' id='word_1_212' title='bbox 1159 3269 1298 3342; x_wconf 77' lang='lat' dir='ltr'>quispiam</span> 
     </span>
     <span class='ocr_line' id='line_1_26' title="bbox 197 3349 1299 3425; baseline -0.003 -18"><span class='ocrx_word' id='word_1_213' title='bbox 197 3369 296 3407; x_wconf 89' lang='lat' dir='ltr'>eorum</span> <span class='ocrx_word' id='word_1_214' title='bbox 307 3351 355 3425; x_wconf 92' lang='lat' dir='ltr'>qui</span> <span class='ocrx_word' id='word_1_215' title='bbox 369 3350 445 3425; x_wconf 81' lang='lat' dir='ltr'>apud</span> <span class='ocrx_word' id='word_1_216' title='bbox 457 3349 596 3406; x_wconf 72' lang='lat' dir='ltr'>Hebraeos</span> <span class='ocrx_word' id='word_1_217' title='bbox 607 3351 669 3406; x_wconf 91' lang='lat' dir='ltr'>Deo</span> <span class='ocrx_word' id='word_1_218' title='bbox 684 3349 766 3406; x_wconf 77' lang='lat' dir='ltr'>amici</span> <span class='ocrx_word' id='word_1_219' title='bbox 779 3349 893 3414; x_wconf 83' lang='lat' dir='ltr'>fuerint,</span> <span class='ocrx_word' id='word_1_220' title='bbox 903 3357 1005 3422; x_wconf 83' lang='lat' dir='ltr'>praeter</span> <span class='ocrx_word' id='word_1_221' title='bbox 1019 3367 1106 3404; x_wconf 89' lang='lat' dir='ltr'>unum</span> <span class='ocrx_word' id='word_1_222' title='bbox 1122 3349 1299 3406; x_wconf 77' lang='lat' dir='ltr'>Salvatorem</span> 
     </span>
     <span class='ocr_line' id='line_1_27' title="bbox 198 3428 1297 3504; baseline -0.004 -16"><span class='ocrx_word' id='word_1_223' title='bbox 198 3449 232 3488; x_wconf 79' lang='lat' dir='ltr'>ac</span> <span class='ocrx_word' id='word_1_224' title='bbox 250 3431 404 3488; x_wconf 88' lang='lat' dir='ltr'>Dominum</span> <span class='ocrx_word' id='word_1_225' title='bbox 425 3439 554 3487; x_wconf 77' lang='lat' dir='ltr'>nostrum</span> <span class='ocrx_word' id='word_1_226' title='bbox 573 3431 619 3504; x_wconf 92' lang='lat' dir='ltr'>qui</span> <span class='ocrx_word' id='word_1_227' title='bbox 637 3429 768 3487; x_wconf 80' lang='lat' dir='ltr'>Christus</span> <span class='ocrx_word' id='word_1_228' title='bbox 789 3437 833 3486; x_wconf 80' lang='lat' dir='ltr'>eet</span> <span class='ocrx_word' id='word_1_229' title='bbox 854 3428 919 3493; x_wconf 87' lang='lat' dir='ltr'>Dei,</span> <span class='ocrx_word' id='word_1_230' title='bbox 935 3436 1074 3501; x_wconf 84' lang='lat' dir='ltr'>utrunque</span> <span class='ocrx_word' id='word_1_231' title='bbox 1096 3428 1227 3484; x_wconf 82' lang='lat' dir='ltr'>habuisse</span> <span class='ocrx_word' id='word_1_232' title='bbox 1248 3429 1297 3484; x_wconf 88' lang='lat' dir='ltr'>de·</span> 
     </span>
     <span class='ocr_line' id='line_1_28' title="bbox 198 3507 1297 3585; baseline -0.005 -17"><span class='ocrx_word' id='word_1_233' title='bbox 198 3521 382 3576; x_wconf 79' lang='lat' dir='ltr'>monstratur,</span> <span class='ocrx_word' id='word_1_234' title='bbox 398 3519 428 3568; x_wconf 85' lang='lat' dir='ltr'>et</span> <span class='ocrx_word' id='word_1_235' title='bbox 441 3510 517 3585; x_wconf 88' lang='lat' dir='ltr'>quod</span> <span class='ocrx_word' id='word_1_236' title='bbox 532 3511 566 3568; x_wconf 93' lang='lat' dir='ltr'>de</span> <span class='ocrx_word' id='word_1_237' title='bbox 585 3511 693 3568; x_wconf 76' lang='lat' dir='ltr'>semine</span> <span class='ocrx_word' id='word_1_238' title='bbox 708 3510 808 3575; x_wconf 83' lang='lat' dir='ltr'>David,</span> <span class='ocrx_word' id='word_1_239' title='bbox 825 3516 854 3565; x_wconf 91' lang='lat' dir='ltr'>et</span> <span class='ocrx_word' id='word_1_240' title='bbox 867 3508 944 3582; x_wconf 93' lang='lat' dir='ltr'>quod</span> <span class='ocrx_word' id='word_1_241' title='bbox 964 3508 992 3563; x_wconf 92' lang='lat' dir='ltr'>in</span> <span class='ocrx_word' id='word_1_242' title='bbox 1015 3527 1049 3564; x_wconf 88' lang='lat' dir='ltr'>eo</span> <span class='ocrx_word' id='word_1_243' title='bbox 1069 3507 1132 3564; x_wconf 89' lang='lat' dir='ltr'>loeo</span> <span class='ocrx_word' id='word_1_244' title='bbox 1154 3507 1190 3563; x_wconf 80' lang='lat' dir='ltr'>eit</span> <span class='ocrx_word' id='word_1_245' title='bbox 1203 3515 1297 3564; x_wconf 81' lang='lat' dir='ltr'>natue.</span> 
     </span>
     <span class='ocr_line' id='line_1_29' title="bbox 198 3587 1297 3667; baseline -0.005 -19"><span class='ocrx_word' id='word_1_246' title='bbox 198 3591 323 3666; x_wconf 82' lang='lat' dir='ltr'>Tempus</span> <span class='ocrx_word' id='word_1_247' title='bbox 344 3592 433 3667; x_wconf 84' lang='lat' dir='ltr'>igitur</span> <span class='ocrx_word' id='word_1_248' title='bbox 451 3592 513 3665; x_wconf 81' lang='lat' dir='ltr'>jam</span> <span class='ocrx_word' id='word_1_249' title='bbox 534 3599 627 3648; x_wconf 76' lang='lat' dir='ltr'>estut</span> <span class='ocrx_word' id='word_1_250' title='bbox 648 3591 727 3648; x_wconf 89' lang='lat' dir='ltr'>illum</span> <span class='ocrx_word' id='word_1_251' title='bbox 751 3591 843 3666; x_wconf 80' lang='lat' dir='ltr'>ipsum</span> <span class='ocrx_word' id='word_1_252' title='bbox 868 3607 930 3645; x_wconf 75' lang='lat' dir='ltr'>esee</span> <span class='ocrx_word' id='word_1_253' title='bbox 952 3606 1010 3644; x_wconf 90' lang='lat' dir='ltr'>nou</span> <span class='ocrx_word' id='word_1_254' title='bbox 1031 3587 1115 3644; x_wconf 83' lang='lat' dir='ltr'>elium</span> <span class='ocrx_word' id='word_1_255' title='bbox 1137 3588 1297 3661; x_wconf 85' lang='lat' dir='ltr'><strong>quempiam</strong></span> 
     </span>
     <span class='ocr_line' id='line_1_30' title="bbox 199 3667 1298 3746; baseline -0.004 -18"><span class='ocrx_word' id='word_1_256' title='bbox 199 3673 349 3737; x_wconf 79' lang='lat' dir='ltr'>fateamur,</span> <span class='ocrx_word' id='word_1_257' title='bbox 364 3673 411 3746; x_wconf 91' lang='lat' dir='ltr'>qui</span> <span class='ocrx_word' id='word_1_258' title='bbox 432 3673 461 3728; x_wconf 92' lang='lat' dir='ltr'>in</span> <span class='ocrx_word' id='word_1_259' title='bbox 481 3672 525 3729; x_wconf 82' lang='lat' dir='ltr'>hie</span> <span class='ocrx_word' id='word_1_260' title='bbox 546 3671 719 3746; x_wconf 79' lang='lat' dir='ltr'>propheticis</span> <span class='ocrx_word' id='word_1_261' title='bbox 735 3670 828 3728; x_wconf 78' lang='lat' dir='ltr'>verbis</span> <span class='ocrx_word' id='word_1_262' title='bbox 849 3669 1034 3744; x_wconf 80' lang='lat' dir='ltr'>significatur,</span> <span class='ocrx_word' id='word_1_263' title='bbox 1048 3668 1248 3742; x_wconf 81' lang='lat' dir='ltr'>evidenterque</span> <span class='ocrx_word' id='word_1_264' title='bbox 1269 3667 1298 3724; x_wconf 92' lang='lat' dir='ltr'>in</span> 
     </span>
     <span class='ocr_line' id='line_1_31' title="bbox 200 3747 1297 3828; baseline -0.005 -19"><span class='ocrx_word' id='word_1_265' title='bbox 200 3753 235 3809; x_wconf 82' lang='lat' dir='ltr'>iis</span> <span class='ocrx_word' id='word_1_266' title='bbox 249 3772 311 3828; x_wconf 79' lang='lat' dir='ltr'>quae</span> <span class='ocrx_word' id='word_1_267' title='bbox 326 3763 480 3827; x_wconf 72' lang='lat' dir='ltr'>sequuntur</span> <span class='ocrx_word' id='word_1_268' title='bbox 499 3754 619 3810; x_wconf 89' lang='lat' dir='ltr'>eundem</span> <span class='ocrx_word' id='word_1_269' title='bbox 633 3753 787 3816; x_wconf 59' lang='lat' dir='ltr'>Palmum,</span> <span class='ocrx_word' id='word_1_270' title='bbox 801 3752 870 3807; x_wconf 92' lang='lat' dir='ltr'>dum</span> <span class='ocrx_word' id='word_1_271' title='bbox 890 3749 1058 3807; x_wconf 83' lang='lat' dir='ltr'>nominatim</span> <span class='ocrx_word' id='word_1_272' title='bbox 1080 3747 1226 3805; x_wconf 79' lang='lat' dir='ltr'>Christum</span> <span class='ocrx_word' id='word_1_273' title='bbox 1247 3767 1297 3826; x_wconf 80' lang='lat' dir='ltr'>ep-</span> 
     </span>
     <span class='ocr_line' id='line_1_32' title="bbox 200 3831 1300 3908; baseline -0.005 -17"><span class='ocrx_word' id='word_1_274' title='bbox 200 3833 296 3907; x_wconf 81' lang='lat' dir='ltr'>pellat,</span> <span class='ocrx_word' id='word_1_275' title='bbox 310 3832 365 3890; x_wconf 86' lang='lat' dir='ltr'>hoc</span> <span class='ocrx_word' id='word_1_276' title='bbox 386 3834 477 3908; x_wconf 77' lang='lat' dir='ltr'>ipsum</span> <span class='ocrx_word' id='word_1_277' title='bbox 500 3834 659 3898; x_wconf 80' lang='lat' dir='ltr'>ostendere,</span> <span class='ocrx_word' id='word_1_278' title='bbox 675 3833 721 3890; x_wconf 90' lang='lat' dir='ltr'>ubi</span> <span class='ocrx_word' id='word_1_279' title='bbox 740 3833 789 3898; x_wconf 83' lang='lat' dir='ltr'>uit,</span> <span class='ocrx_word' id='word_1_280' title='bbox 803 3831 924 3906; x_wconf 83' lang='lat' dir='ltr'>Propter</span> <span class='ocrx_word' id='word_1_281' title='bbox 938 3831 1034 3888; x_wconf 83' lang='lat' dir='ltr'>Dauid</span> <span class='ocrx_word' id='word_1_282' title='bbox 1053 3847 1161 3886; x_wconf 71' lang='lat' dir='ltr'>seruum</span> <span class='ocrx_word' id='word_1_283' title='bbox 1184 3838 1250 3897; x_wconf 85' lang='lat' dir='ltr'>tum,</span> <span class='ocrx_word' id='word_1_284' title='bbox 1266 3847 1300 3886; x_wconf 80' lang='grc' dir='ltr'>σε</span> 
     </span>
     <span class='ocr_line' id='line_1_33' title="bbox 201 3909 1297 3989; baseline -0.003 -20"><span class='ocrx_word' id='word_1_285' title='bbox 201 3923 309 3971; x_wconf 77' lang='lat' dir='ltr'>avertas</span> <span class='ocrx_word' id='word_1_286' title='bbox 321 3913 425 3989; x_wconf 81' lang='lat' dir='ltr'>faciem</span> <span class='ocrx_word' id='word_1_287' title='bbox 441 3913 544 3971; x_wconf 74' lang='lat' dir='ltr'>Cdr&#39;mtt</span> <span class='ocrx_word' id='word_1_288' title='bbox 565 3916 612 3971; x_wconf 86' lang='lat' dir='ltr'>tui.</span> <span class='ocrx_word' id='word_1_289' title='bbox 653 3915 692 3971; x_wconf 81' lang='lat' dir='ltr'>Et</span> <span class='ocrx_word' id='word_1_290' title='bbox 705 3931 812 3982; x_wconf 78' lang='lat' dir='ltr'>rursus,</span> <span class='ocrx_word' id='word_1_291' title='bbox 825 3913 900 3970; x_wconf 82' lang='lat' dir='ltr'><strong><em>Illuc</em></strong></span> <span class='ocrx_word' id='word_1_292' title='bbox 916 3914 1064 3987; x_wconf 80' lang='lat' dir='ltr'>producam</span> <span class='ocrx_word' id='word_1_293' title='bbox 1078 3929 1164 3967; x_wconf 81' lang='grc' dir='ltr'>οονπιι</span> <span class='ocrx_word' id='word_1_294' title='bbox 1179 3909 1297 3968; x_wconf 81' lang='lat' dir='ltr'>Dauid:</span> 
     </span>
     <span class='ocr_line' id='line_1_34' title="bbox 198 3991 1301 4068; baseline -0.001 -19"><span class='ocrx_word' id='word_1_295' title='bbox 198 3996 298 4068; x_wconf 79' lang='grc' dir='ltr'>ρανσοί</span> <span class='ocrx_word' id='word_1_296' title='bbox 312 3997 448 4052; x_wconf 79' lang='lat' dir='ltr'>lucernum</span> <span class='ocrx_word' id='word_1_297' title='bbox 464 3994 573 4051; x_wconf 80' lang='lat' dir='ltr'>Cdristo</span> <span class='ocrx_word' id='word_1_298' title='bbox 587 4013 655 4051; x_wconf 83' lang='lat' dir='ltr'>meo.</span> <span class='ocrx_word' id='word_1_299' title='bbox 699 3995 826 4051; x_wconf 77' lang='lat' dir='ltr'>inimicos</span> <span class='ocrx_word' id='word_1_300' title='bbox 846 3993 904 4066; x_wconf 78' lang='lat' dir='ltr'>ejus</span> <span class='ocrx_word' id='word_1_301' title='bbox 917 3995 1028 4052; x_wconf 77' lang='lat' dir='ltr'>induam</span> <span class='ocrx_word' id='word_1_302' title='bbox 1042 3991 1205 4067; x_wconf 74' lang='lat' dir='ltr'>confusione,</span> <span class='ocrx_word' id='word_1_303' title='bbox 1220 4009 1301 4066; x_wconf 80' lang='lat' dir='ltr'>super</span> 
     </span>
     <span class='ocr_line' id='line_1_35' title="bbox 202 4072 1298 4152; baseline -0.002 -22"><span class='ocrx_word' id='word_1_304' title='bbox 202 4077 288 4148; x_wconf 79' lang='grc' dir='ltr'>ι’ρινοι</span> <span class='ocrx_word' id='word_1_305' title='bbox 302 4083 391 4132; x_wconf 83' lang='lat' dir='ltr'>autem</span> <span class='ocrx_word' id='word_1_306' title='bbox 404 4074 534 4152; x_wconf 82' lang='lat' dir='ltr'>efflorebit</span> <span class='ocrx_word' id='word_1_307' title='bbox 547 4077 727 4150; x_wconf 75' lang='lat' dir='ltr'>sanctificatio</span> <span class='ocrx_word' id='word_1_308' title='bbox 740 4093 809 4130; x_wconf 85' lang='lat' dir='ltr'>meu.</span> <span class='ocrx_word' id='word_1_309' title='bbox 852 4073 910 4130; x_wconf 87' lang='lat' dir='ltr'>Sed</span> <span class='ocrx_word' id='word_1_310' title='bbox 930 4072 976 4130; x_wconf 88' lang='lat' dir='ltr'>ubi</span> <span class='ocrx_word' id='word_1_311' title='bbox 990 4073 1104 4130; x_wconf 86' lang='lat' dir='ltr'>tandem</span> <span class='ocrx_word' id='word_1_312' title='bbox 1125 4073 1164 4130; x_wconf 82' lang='lat' dir='ltr'>ait</span> <span class='ocrx_word' id='word_1_313' title='bbox 1182 4092 1213 4130; x_wconf 82' lang='lat' dir='ltr'>ee</span> <span class='ocrx_word' id='word_1_314' title='bbox 1233 4091 1298 4147; x_wconf 90' lang='lat' dir='ltr'>pro-</span> 
     </span>
     <span class='ocr_line' id='line_1_36' title="bbox 202 4153 1300 4228; baseline -0.002 -18"><span class='ocrx_word' id='word_1_315' title='bbox 202 4155 352 4212; x_wconf 81' lang='lat' dir='ltr'>ducturum</span> <span class='ocrx_word' id='word_1_316' title='bbox 373 4175 461 4212; x_wconf 87' lang='lat' dir='ltr'>cornu</span> <span class='ocrx_word' id='word_1_317' title='bbox 481 4157 582 4226; x_wconf 75' lang='lat' dir='ltr'>David,</span> <span class='ocrx_word' id='word_1_318' title='bbox 597 4155 652 4212; x_wconf 80' lang='lat' dir='ltr'>nisi</span> <span class='ocrx_word' id='word_1_319' title='bbox 672 4156 701 4212; x_wconf 93' lang='lat' dir='ltr'>in</span> <span class='ocrx_word' id='word_1_320' title='bbox 721 4155 869 4211; x_wconf 86' lang='lat' dir='ltr'>Bethleem</span> <span class='ocrx_word' id='word_1_321' title='bbox 888 4161 971 4228; x_wconf 83' lang='lat' dir='ltr'>atque</span> <span class='ocrx_word' id='word_1_322' title='bbox 993 4154 1022 4209; x_wconf 92' lang='lat' dir='ltr'>in</span> <span class='ocrx_word' id='word_1_323' title='bbox 1036 4154 1205 4228; x_wconf 83' lang='lat' dir='ltr'>Ephrathe?</span> <span class='ocrx_word' id='word_1_324' title='bbox 1230 4153 1300 4209; x_wconf 88' lang='lat' dir='ltr'>Inde</span> 
     </span>
     <span class='ocr_line' id='line_1_37' title="bbox 201 4235 1299 4310; baseline -0.004 -18"><span class='ocrx_word' id='word_1_325' title='bbox 201 4236 277 4292; x_wconf 88' lang='lat' dir='ltr'>euim</span> <span class='ocrx_word' id='word_1_326' title='bbox 292 4255 381 4294; x_wconf 84' lang='lat' dir='ltr'>cornu</span> <span class='ocrx_word' id='word_1_327' title='bbox 395 4237 487 4293; x_wconf 81' lang='lat' dir='ltr'>David</span> <span class='ocrx_word' id='word_1_328' title='bbox 503 4236 634 4293; x_wconf 77' lang='lat' dir='ltr'>Christus</span> <span class='ocrx_word' id='word_1_329' title='bbox 649 4243 787 4310; x_wconf 80' lang='lat' dir='ltr'>quatenus</span> <span class='ocrx_word' id='word_1_330' title='bbox 805 4235 841 4291; x_wconf 84' lang='lat' dir='ltr'>ad</span> <span class='ocrx_word' id='word_1_331' title='bbox 861 4243 989 4291; x_wconf 81' lang='lat' dir='ltr'>naturum</span> <span class='ocrx_word' id='word_1_332' title='bbox 1011 4235 1133 4309; x_wconf 89' lang='lat' dir='ltr'>pertinet</span> <span class='ocrx_word' id='word_1_333' title='bbox 1147 4235 1299 4290; x_wconf 77' lang='lat' dir='ltr'>humanum</span> 
     </span>
     <span class='ocr_line' id='line_1_38' title="bbox 202 4314 1301 4391; baseline -0.006 -18"><span class='ocrx_word' id='word_1_334' title='bbox 202 4317 281 4389; x_wconf 75' lang='lat' dir='ltr'>quasi</span> <span class='ocrx_word' id='word_1_335' title='bbox 297 4317 399 4391; x_wconf 80' lang='lat' dir='ltr'>ingens</span> <span class='ocrx_word' id='word_1_336' title='bbox 413 4317 509 4374; x_wconf 90' lang='lat' dir='ltr'>lumen</span> <span class='ocrx_word' id='word_1_337' title='bbox 523 4327 653 4374; x_wconf 83' lang='lat' dir='ltr'>exortum</span> <span class='ocrx_word' id='word_1_338' title='bbox 668 4325 721 4374; x_wconf 77' lang='lat' dir='ltr'>eet.</span> <span class='ocrx_word' id='word_1_339' title='bbox 765 4315 821 4373; x_wconf 89' lang='lat' dir='ltr'>Hic</span> <span class='ocrx_word' id='word_1_340' title='bbox 843 4315 912 4372; x_wconf 90' lang='lat' dir='ltr'>item</span> <span class='ocrx_word' id='word_1_341' title='bbox 927 4315 1034 4373; x_wconf 72' lang='lat' dir='ltr'>christi</span> <span class='ocrx_word' id='word_1_342' title='bbox 1048 4315 1162 4372; x_wconf 76' lang='lat' dir='ltr'>lucerna</span> <span class='ocrx_word' id='word_1_343' title='bbox 1181 4315 1217 4370; x_wconf 81' lang='lat' dir='ltr'>eb</span> <span class='ocrx_word' id='word_1_344' title='bbox 1238 4314 1301 4385; x_wconf 78' lang='lat' dir='ltr'>ipso</span> 
     </span>
    </p>
   </div>
   <div class='ocr_carea' id='block_1_7' title="bbox 0 0 1589 4722">
    <p class='ocr_par' dir='ltr' id='par_1_7' title="bbox 0 0 1589 4722">
     <span class='ocr_line' id='line_1_39' title="bbox 0 0 1589 4722; baseline 0 0"><span class='ocrx_word' id='word_1_345' title='bbox 0 0 1589 4722; x_wconf 95' lang='lat' dir='ltr'> </span> 
     </span>
    </p>
   </div>
  </div>
 </body>
</html>
