3120 4716
56 275 102 286 -
116 255 190 322 472.
460 244 686 310 DEMONST.
712 247 880 312 EVANG.
907 249 952 313 X.
973 268 1000 313 2.
1233 249 1296 312 931

198 398 350 482 ἅπαντα.
410 404 479 484 Διὸ
498 403 707 501 λέλεκταοὸ
736 404 845 486 ἐσθίων
869 405 984 513 ἱίρτοος
1008 441 1073 510 μου
1096 403 1321 509 ἑμεγοίλονενο

197 529 251 607 ἐτ’
274 527 333 632 ε’ριέ
361 532 566 639 amputauit,
596 535 664 629 sui,
692 535 727 618 te
759 533 815 612 ἐπὶ
845 533 891 636 ri,
911 529 989 612 etri
1018 528 1214 631 ἔγλύκανοίς
1241 566 1299 635 μον

174 650 387 759 ridentium.
441 654 558 761 ‘'Arrep
576 657 806 764 σαφέστερον
832 657 1001 766 ἐξέφηνεν
1020 659 1040 736 ὁ
1059 656 1124 754 μὲν
1140 655 1311 748 Ἀκύλας,

197 779 314 878 εἰπὼν,
335 784 363 862 ai
381 787 462 888 ὁμοῦ
479 786 716 890 ἐγλυκαίναριεν
735 790 919 894 ἀπόρρητον,
940 787 960 864 ὁ
985 783 1022 864 δὲ
1045 782 1251 886 Σύμμαχος,
1271 782 1301 861 o'i

197 943 279 993 sanes
299 909 589 1016 ἐκοινολογούριεθα
607 915 773 1014 γλυκεῖαν
791 916 939 1017 ὁμνλίαν.
988 912 1089 990 Ἀντὶ
1109 909 1145 990 δὲ
1164 918 1237 1006 τοῦ,
1257 908 1328 989 alab

198 1030 234 1112 di
253 1031 395 1141 ἄνθρωπε
415 1032 580 1144 ὶτίψυχο,
601 1037 731 1142 ἦγεριοίν
748 1075 827 1141 μου,
845 1046 904 1120 καὶ
924 1033 1054 1139 γνωττέ
1065 1074 1141 1139 μου,
1163 1039 1182 1115 ὃ
1202 1035 1300 1134 Σύμ-

196 1158 310 1266 μαχότ
336 1169 441 1267 φησι,
461 1162 503 1242 sia
531 1160 566 1243 ll
594 1162 739 1272 ἄνθρωπε
765 1165 951 1275 οὁριίτροτί
970 1200 1041 1270 ρων,
1065 1171 1124 1243 καὶ
1153 1160 1300 1266 ’ἡγεμών

196 1322 272 1390 μου,
295 1297 354 1368 καὶ
373 1291 508 1393 γνωοτέ
525 1327 600 1395 μου.
660 1290 876 1395 Ἐπειδήπερ
898 1291 1083 1372 τοσούτων
1107 1289 1300 1395 ἠξιωμένον

196 1415 304 1518 φίλος
328 1419 366 1494 ἐν
391 1423 465 1499 τοῖς
492 1417 655 1514 μάλιστα
681 1417 726 1517 ἦν
748 1427 812 1499 τοῦ
843 1423 1020 1522 Σωτῆρος,
1039 1418 1181 1499 εἰκότως
1204 1418 1321 1521 φησὶν

193 1544 275 1641 περὶ
302 1543 411 1622 αὐτοῦ
437 1540 491 1638 τὸ,
516 1542 562 1622 ’ίτν
592 1552 618 1624 ei
648 1542 759 1650 ἑχθρὶς
787 1541 933 1624 ciceides?
956 1579 1015 1650 ριν,
1045 1543 1217 1643 ὑπήνεγκα
1244 1539 1297 1633 tin,

170 1667 252 1746 enni
284 1664 331 1742 τὰ
364 1667 381 1744 ἑ
410 1671 457 1750 ”ο.
517 1673 642 1747 Ταῦτα
674 1665 712 1747 δὲ
749 1673 830 1773 περὶ
862 1678 926 1748 τοῦ
955 1669 1073 1748 Ἰούδα
1107 1668 1298 1764 θεσπίσας,

193 1792 399 1875 ἀκολούθως
416 1791 481 1892 τὴν
499 1795 538 1872 ἐκ
555 1801 619 1872 τοῦ
638 1793 794 1875 θανάτου
813 1797 995 1896 σωτηρίαν
1020 1797 1078 1873 καὶ
1104 1791 1297 1898 ‹innodaris›

193 1917 319 1996 ἑαυτοῦ
342 1917 573 2020 apodationes
600 1918 728 2020 λέγων,
749 1917 816 2023 ἐγω
842 1920 923 2029 τρὶς
943 1921 994 2001 τὶν
1013 1921 1095 2000 Θὲον
1115 1915 1295 2024 ἐκέκραξα,
1309 1954 1338 1988 10

196 2050 255 2121 nni
276 2051 292 2121 ὁ
313 2042 425 2146 Κύρνος
453 2043 562 2122 tunsi
584 2080 640 2148 με.
689 2045 861 2152 Ἐττέρας
886 2053 945 2125 καὶ
971 2044 1056 2153 οτρωίι
1081 2050 1139 2123 καὶ
1159 2078 1295 2147 μεσημ-

193 2167 296 2272 βρίας
325 2163 528 2272 dispiciunt
559 2176 619 2248 uni
649 2170 865 2272 ανταγγελῶ,
887 2179 946 2251 καὶ
977 2167 1212 2250 είτακούτεταν
1240 2166 1298 2259 ris

169 2290 303 2398 95turiis
321 2328 400 2397 μου,
429 2295 632 2402 λοτρύτεταν
662 2295 691 2376 ἓν
713 2297 804 2409 §ipim
831 2295 884 2389 τῆν
903 2290 1021 2402 ψυχήν
1039 2331 1117 2400 μου.
1166 2295 1231 2376 Ὡς
1259 2294 1322 2372 ε’νο

195 2419 280 2522 εὐχῇ
308 2417 393 2496 ‘ndu
420 2417 491 2522 πρὸ
519 2429 583 2499 τοῦ
610 2419 766 2501 θανάτου
793 2423 916 2525 καιρὸν
943 2421 1119 2521 σημαίνει,
1148 2416 1230 2497 καθ’
1254 2417 1296 2497 ὃν

195 2546 252 2622 καὶ
272 2545 291 2622 ὁ
309 2543 446 2628 Ἰούδαν
462 2543 509 2623 τὰ
526 2549 590 2643 τῆς
608 2545 684 2625 κατ’
705 2547 813 2626 αὐτοῦ
834 2547 1031 2649 προδοσίαν
1049 2544 1292 2623 Ι“συινεσκευοί-

235 2707 409 2775 superponas
424 2705 486 2758 RS.
569 2701 689 2777 ftyeptv
703 2706 731 2761 S.
813 2707 902 2780 Ιτὸν]
921 2713 972 2762 τῶν
987 2707 1016 2763 S.
1109 2700 1295 2758 hunuanus.

195 2785 274 2856 naso]
285 2785 398 2918 inensam
407 2785 437 2840 P.
461 2785 505 2839 Sic
519 2785 638 2841 collator.
660 2787 758 2840 Nescio
769 2805 804 2841 an
816 2787 844 2840 in
859 2805 908 2841 ms.
920 2787 1122 2842 ἐπεσκοοόσοτο.
1141 2783 1212 2838 Cum
1220 2783 1293 2854 vulg.

193 2865 329 2920 consentit
367 2907 373 2919 .

193 3009 260 3048 vero
274 2993 332 3048 suis
346 2991 499 3068 discipulis,
514 2994 543 3050 in
558 3013 677 3070 quorum
692 2995 822 3053 ordinem
837 2996 923 3053 etiam
934 2995 1024 3052 Judas
1039 2992 1179 3050 admissus
1193 2991 1293 3057 fueret,

192 3072 316 3146 apertius
337 3074 432 3130 omnia
453 3074 676 3133 demonstrabat.
719 3076 765 3133 Ex
779 3094 834 3150 quo
848 3077 916 3133 illud
930 3077 1037 3132 dictum
1057 3081 1109 3140 est,
1126 3073 1181 3137 Qui
1199 3073 1294 3128 edebat

188 3171 275 3228 panes
294 3172 374 3218 meos,
395 3157 578 3230 mapnifiaaait
597 3175 678 3229 super
698 3175 739 3214 me
761 3158 1018 3230 supplantationem,
1043 3162 1073 3211 et
1096 3153 1175 3218 illud,
1200 3155 1245 3226 qui
1266 3155 1294 3208 in

191 3235 260 3289 idem
283 3234 373 3290 ‹lutces
396 3236 572 3309 computabas
594 3236 659 3292 nuli
681 3235 760 3304 cibos,
782 3237 858 3310 quod
881 3255 949 3292 sane
971 3235 1129 3292 evidentius
1153 3233 1294 3308 expressit

191 3313 295 3386 Aquila
308 3313 422 3386 quidem
437 3315 485 3380 sic,
500 3317 547 3388 qui
565 3317 647 3372 simut
667 3317 747 3372 dulce
767 3317 989 3389 cmnparabamus
1001 3333 1144 3380 arcanum,
1160 3312 1291 3387 Symma-

192 3393 262 3449 chus
276 3403 371 3450 autem
386 3394 436 3458 sic,
453 3396 507 3460 Qui
522 3397 595 3452 inter
608 3413 655 3452 noe
669 3397 929 3452 communicabamus
949 3395 1055 3450 dulcem
1075 3395 1208 3450 seruranis
1228 3410 1291 3447 can·

191 3475 364 3530 suetudinem.
406 3475 463 3530 Pro
486 3475 534 3532 illo
555 3494 632 3540 vero,
659 3476 699 3531 Tu
720 3482 809 3531 autem
835 3474 913 3530 lamo
929 3475 1072 3538 unanimis,
1094 3475 1147 3529 dun
1167 3489 1249 3534 meus,
1265 3478 1292 3525 et

192 3560 272 3610 notus
284 3571 366 3616 maus,
383 3553 571 3629 Symmachus
585 3556 625 3612 ita
639 3554 787 3619 convertit,
807 3556 848 3611 Tu
867 3561 957 3611 nutem
977 3553 1054 3608 lamo
1074 3555 1155 3609 monia
1176 3550 1292 3620 eiusdem

191 3650 305 3698 mesum,
321 3641 348 3689 et
362 3635 419 3691 dun
431 3653 513 3700 meus,
528 3643 556 3691 et
569 3643 647 3692 notus
661 3653 753 3692 meus:
769 3654 833 3690 nam
849 3653 935 3708 quum
949 3635 986 3690 ad
999 3641 1109 3690 tantam
1123 3630 1291 3704 dignitatem

193 3722 354 3786 assumptus
370 3723 455 3780 esset,
470 3723 499 3772 et
513 3715 550 3772 ob
564 3716 593 3771 id
614 3715 688 3772 inter
707 3715 814 3793 primos
829 3713 984 3772 Salvatoris
998 3713 1104 3770 amicos
1118 3719 1290 3776 censeretur,

192 3792 294 3850 merito
316 3794 351 3849 de
375 3811 410 3850 eo
433 3794 473 3852 sic
494 3795 542 3860 ait,
564 3797 596 3852 St
619 3799 740 3852 misticus
760 3796 862 3867 probro
885 3813 928 3851 me
950 3793 1090 3868 affecisset,
1110 3791 1291 3846 sustinuissem

192 3875 293 3947 utique,
309 3882 338 3930 et
352 3893 414 3949 quoe
435 3883 599 3950 sequuntur.
643 3875 701 3932 Ubi
722 3887 816 3932 autern
834 3875 897 3931 haec
918 3875 953 3931 de
973 3873 1048 3930 Judn
1066 3870 1177 3934 cecinit,
1192 3869 1290 3926 ordine

192 3953 325 4028 deinceps
338 3953 533 4012 liberationem
547 3974 565 4012 e
579 3967 670 4012 morte
685 3956 902 4028 suasionemque
916 3973 995 4010 suam
1010 3961 1090 4009 tanto
1104 3958 1171 4008 ante
1185 3949 1291 4006 indicat

191 4033 247 4090 illis
260 4034 362 4098 verbis,
378 4035 441 4110 Ego
454 4039 491 4092 ad
506 4035 598 4092 Deum
610 4035 733 4098 clumam,
749 4044 775 4093 et
791 4036 926 4091 Dominus
946 4033 1062 4091 saluauit
1083 4051 1132 4087 me.
1179 4031 1291 4104 Vespere

191 4121 218 4169 ct
238 4132 316 4170 mane
336 4122 364 4172 et
385 4118 495 4172 meridie
512 4117 629 4172 nnmnbo
651 4123 675 4171 et
697 4115 872 4178 annuntiabo,
893 4121 919 4168 et
941 4115 1064 4170 exaudiet
1086 4129 1176 4168 nocem
1194 4127 1289 4174 mam,

191 4193 302 4250 redimet
323 4194 351 4250 in
370 4215 438 4268 poce
457 4199 574 4252 animam
594 4213 690 4251 meam.
734 4194 781 4251 Sic
795 4203 930 4268 tauquam
944 4193 973 4249 in
987 4211 1071 4267 prece
1085 4201 1196 4265 tempus
1213 4188 1290 4263 quod

192 4282 312 4330 mortem
333 4275 483 4332 antecessit
502 4275 653 4350 significat,
668 4293 723 4348 quo
743 4274 856 4348 quidem
871 4283 997 4348 tempore
1011 4273 1100 4330 Judas
1122 4287 1232 4345 quoque
1254 4267 1289 4324 ad

250 4380 253 4391 '
704 4388 720 4444 3
737 4389 755 4427 o
773 4387 787 4425 a
