3108 4708
37 279 178 346 -500.
432 271 658 340 DEMONST.
683 271 851 340 EVANG.
876 276 965 339 X.8.
1224 271 1289 338 987

189 469 235 532 σι,
257 439 318 518 καὶ
344 433 484 543 θάνοιμις
507 439 656 548 ὑψίστου
680 444 873 524 ἐπισκιάσει
899 479 960 522 σοι.
1005 438 1152 542 Ὥσπερ
1175 442 1237 518 οὖν
1265 440 1325 540 ἦρ.
1336 471 1402 541 500

186 562 237 663 σὴ
252 562 333 645 τότε
351 575 414 646 τοῦ
434 569 593 673 ὑψίστου
610 567 755 667 δύναμις
770 567 1118 667 συλλαμβανόμενον
1136 566 1200 662 μέν
1218 570 1283 644 ἐπ·

185 692 342 789 coriaut,
360 691 566 793 τικτόμενον
592 694 629 775 δέ
653 697 856 802 ἐξέσπασεν
881 693 953 776 ἀπὸ
975 692 1135 797 γαστρὸς
1153 690 1286 794 μητρός

185 851 265 914 μου,
285 820 377 898 οὕτω
400 818 526 919 πολλή
544 855 605 918 μοι
630 821 797 926 τυγχάνει
823 822 1040 924 παραμυθία,
1060 819 1114 900 ὅτι
1139 822 1197 898 καὶ
1221 827 1286 897 τοῦ

147 941 342 1032 ςοθοινάτου
364 978 407 1043 με
431 946 529 1026 πολὺ
552 953 698 1044 μᾶλλον
719 947 955 1032 ἀνασπάσεις.
1017 950 1088 1027 Καὶ
1112 944 1218 1027 τοῦτό
1243 979 1308 1046 γει

185 1070 348 1173 ἐλπίζων,
366 1073 427 1151 ἐπί
445 1107 491 1152 σε
513 1072 669 1154 πέποιθα
690 1073 753 1153 τὸν
776 1078 929 1170 ἐμαυτοῦ
948 1073 1043 1155 Θεὸν
1067 1077 1126 1154 καὶ
1151 1071 1285 1175 Κύριον

185 1200 244 1277 καὶ
262 1197 408 1301 πατέρα,
427 1203 485 1278 καὶ
510 1199 663 1280 πέποιθα
688 1202 730 1280 οὐ
754 1209 816 1279 νῦν
840 1208 984 1304 πρῶτον
1006 1201 1204 1306 ἀρξάμενος
1221 1204 1285 1297 τῆς

185 1322 233 1406 εἷς
257 1356 303 1401 σε
327 1326 482 1422 ἐλπίδος,
501 1325 601 1405 ἀλλά
625 1329 682 1405 καὶ
704 1325 761 1407 ὅτε
787 1325 858 1406 ἀπὸ
883 1334 1033 1426 μαστῶν
1058 1327 1189 1430 μητρός
1214 1360 1285 1425 μον

185 1447 250 1547 τὴν
279 1451 437 1550 νηπιώδη
461 1452 600 1556 τροφὴν
628 1452 894 1550 ἀναλαμβάνων
923 1452 1131 1557 ἐνομιζὸμην
1156 1454 1284 1551 ὁμοίως
1296 1491 1326 1524 10

186 1581 259 1658 τοῖς
276 1583 348 1655 τῶν
373 1580 571 1682 ἀνθρώπων
589 1581 764 1685 βρέφεσιν
789 1579 917 1680 ἀτελὴς
940 1577 1025 1658 εἶναι
1052 1583 1109 1658 καὶ
1134 1580 1280 1680 ἄλογος·

184 1699 236 1801 μὴ
253 1701 303 1783 ὧν
320 1702 411 1807 ιγάρ
427 1713 594 1801 τοιοῦτος,
613 1711 642 1784 ei
662 1708 719 1784 καὶ
737 1705 844 1802 σῶμά
863 1740 923 1800 μοι
942 1705 1062 1804 ὅμοιον
1085 1703 1313 1806 ἀνθράττοιςί)

186 1825 240 1928 ἦν,
260 1832 362 1908 Ιἀλλ’
383 1833 424 1910 οὐ
443 1835 500 1910 καὶ
522 1830 588 1930 τὴν
606 1832 754 1928 δύναμιν
775 1831 854 1910 οὐδέ
871 1829 937 1930 τὴν
955 1832 1082 1910 οὐσίαν
1100 1837 1172 1912 τοῖς
1191 1841 1284 1909 πολ-

188 1962 265 2039 λοῖς
292 1953 343 2034 ὢν
368 1955 533 2059 ἐμφερὴς,
550 1956 671 2040 ἄνετος
696 1956 733 2036 δέ
759 1961 817 2036 καὶ
837 1958 1027 2052 ἀπόλντος,
1047 1953 1105 2035 οἷά
1127 1989 1197 2034 σον
1221 1963 1285 2033 τοῦ

189 2087 284 2162 Θεοῦ
307 2081 427 2180 ἀμνὸς,
445 2087 503 2161 καὶ
526 2083 570 2187 ἐξ
591 2083 720 2182 ἐκείνης
743 2086 805 2180 τῆς
830 2081 966 2180 ἡλικίας
989 2079 1307 2184 γαλουχούμενος,5

148 2205 283 2309 οολέγω
317 2206 360 2306 δὴ
392 2207 464 2288 ἀπὸ
497 2215 648 2306 μαστῶν
679 2212 743 2306 τῆς
773 2204 908 2309 μητρός
936 2240 1016 2303 μου.
1079 2208 1151 2284 Καὶ
1186 2207 1285 2285 οὕτω

185 2338 290 2410 τοῦτο
307 2333 400 2432 με’γα
418 2365 471 2416 τις
489 2333 670 2434 ἡγήσεται,
688 2338 717 2412 εἶ
739 2331 846 2433 μάθοι
872 2331 927 2411 ὅτι
954 2334 1012 2411 καὶ
1037 2331 1088 2409 ἐτι
1112 2329 1286 2433 πρότερον

186 2455 246 2534 ἐπί
262 2491 302 2534 σε
328 2458 495 2562 ἐπερρέφην
516 2459 556 2537 ἐκ
574 2460 713 2564 μήτρας,
737 2467 796 2538 καὶ
822 2456 894 2539 bai
917 2459 1066 2564 ywpbr
1082 2460 1202 2561 μητράε
1220 2492 1285 2562 μου

186 2585 272 2667 Θιές
296 2617 361 2684 μου
384 2579 416 2660 εἷ
435 2581 487 2660 σθ.
530 2579 616 2661 Ἔτι
636 2582 705 2686 γάρ
724 2584 824 2662 ἔνδον
842 2588 880 2662 ἐν
897 2589 948 2688 τῷ
965 2582 1095 2688 ταμείῳ
1114 2585 1177 2678 τῆς
1196 2614 1279 2659 κυο-

186 2706 371 2810 φορούσης
400 2741 442 2806 με
474 2706 667 2814 φερόμενος
693 2707 738 2784 σέ
765 2705 829 2785 τὸν
856 2705 951 2786 Θεόν
972 2740 1041 2802 μου
1068 2704 1198 2804 ἐώρων,
1221 2702 1282 2782 ἅτε
1294 2745 1324 2781 ιο

470 2887 613 2958 Ζγείροιιτ.
630 2886 657 2939 S.
740 2884 828 2938 ιἀλλ’
844 2884 875 2938 ob
888 2885 948 2938 add.
966 2885 994 2937 P.

185 3021 352 3078 obumbrabit
368 3022 427 3078 tibi.
470 3021 717 3090 Quemadmodum
736 3024 823 3099 igitur
841 3032 891 3080 tua
910 3032 987 3090 tuuc,
1003 3024 1051 3097 qui
1068 3041 1098 3079 es
1120 3021 1280 3084 altissimus,

187 3101 275 3157 virtus
289 3120 335 3158 me
349 3102 379 3157 iu
392 3101 577 3177 concipiendo
591 3103 781 3169 obumbravit,
793 3104 824 3160 in
844 3104 979 3178 pariendo
1000 3112 1094 3161 autem
1109 3102 1234 3160 extruxit
1247 3101 1283 3158 de

185 3191 284 3238 ventre
306 3182 405 3238 matris
427 3200 508 3249 meae,
530 3183 571 3239 ita
595 3203 706 3259 quoque
728 3203 786 3240 non
807 3203 894 3258 parva
918 3185 986 3240 mihi
1014 3183 1096 3241 adest
1116 3182 1282 3246 consolatio,

185 3261 262 3334 quod
282 3261 373 3318 multo
393 3263 487 3336 magis
508 3262 543 3319 de
564 3271 656 3321 morte
677 3264 716 3320 sia
732 3273 919 3320 extracturus.
960 3265 1055 3337 Atque
1076 3263 1207 3337 equidem
1227 3263 1283 3319 hoe

185 3358 302 3414 sperans
316 3342 368 3398 tibi
382 3343 505 3398 confisus
520 3361 593 3409 sum,
608 3345 655 3419 qui
669 3361 749 3400 meus
763 3343 845 3400 Deus
859 3350 888 3399 et
897 3343 1036 3399 Dominus
1052 3351 1082 3399 et
1094 3351 1175 3417 pater
1189 3359 1237 3398 es:
1253 3350 1283 3398 et

185 3421 308 3477 confisus
333 3440 395 3478 suni
420 3440 479 3478 non
501 3441 578 3479 nuuc
596 3425 718 3498 primum
737 3423 816 3480 inte
841 3441 954 3497 sperare
977 3422 1124 3496 incipiens,
1143 3421 1194 3478 sed
1215 3433 1282 3477 tune

185 3519 296 3574 quoque
318 3519 403 3574 quum
428 3502 463 3558 ab
487 3502 619 3559 uberibus
638 3503 736 3560 matris
757 3521 828 3560 mers
852 3502 1009 3560 infantilem
1030 3501 1191 3558 alimoniam
1209 3500 1281 3556 acei-

185 3580 265 3653 piens
287 3582 416 3655 putabar,
443 3589 475 3637 ut
497 3581 596 3657 reliqui
624 3582 768 3640 hominum
796 3583 930 3648 infantes,
954 3581 1135 3656 imperfectus
1162 3598 1224 3637 esse
1252 3589 1281 3636 et

185 3660 290 3735 absque
309 3679 360 3717 usu
381 3661 508 3720 rationis.
551 3663 620 3720 Non
634 3664 709 3720 enim
723 3680 800 3719 eram
814 3663 889 3730 talis,
902 3663 970 3720 lieet
983 3661 1052 3719 mihi
1065 3662 1174 3718 caeteris
1188 3659 1280 3716 homi-

184 3741 267 3797 nibus
282 3741 372 3798 simile
387 3751 462 3800 esset
476 3760 590 3817 eorpus.
633 3741 692 3800 Sed
705 3761 796 3817 neque
810 3743 879 3800 item
894 3744 922 3800 vi
943 3761 1036 3817 neque
1050 3740 1209 3798 substantia
1220 3739 1280 3814 ple-

184 3819 278 3895 ris'que
300 3840 376 3878 eram
398 3821 508 3888 similis,
530 3841 629 3880 verum
649 3823 744 3897 potius
763 3823 836 3880 liber
855 3842 889 3880 ao
910 3823 1019 3880 solutus
1037 3831 1172 3896 tunquam
1189 3837 1281 3894 ugnus

184 3910 259 3967 tuus,
270 3903 317 3975 qui
331 3902 409 3958 Deus
422 3921 463 3967 es,
478 3921 565 3977 quum
578 3903 614 3959 ab
628 3903 675 3959 illa
689 3921 777 3976 usque
791 3913 875 3961 aetate
888 3904 961 3960 laete
972 3902 1103 3965 nutrirer,
1112 3901 1280 3957 dieoautem

184 3981 222 4037 ub
236 3982 369 4038 uberibus
384 3983 482 4039 matris
496 4001 576 4038 meae.
619 3983 761 4040 Caeterum
775 3984 830 4039 hoc
844 3984 971 4039 nondum
991 3981 1130 4056 quispiam
1144 3999 1281 4055 magnum

184 4061 375 4128 arbitrabitur,
391 4063 414 4118 si
429 4062 578 4137 intelliget,
593 4063 830 4137 quemadmodum
844 4063 922 4137 prius
936 4081 1047 4137 quoque
1061 4065 1088 4117 iu
1105 4069 1132 4118 te
1144 4059 1282 4135 projectus

183 4159 242 4196 ιιιιπ
257 4161 291 4199 ar
305 4153 390 4207 utero,
406 4151 433 4199 et
445 4145 480 4200 cle
492 4151 587 4200 uentre
599 4146 696 4199 matria
710 4161 773 4199 ποια
790 4141 865 4200 Deua
879 4161 950 4200 meur
964 4161 992 4199 et
1005 4150 1044 4199 tu.
1086 4142 1182 4210 Quum
1204 4141 1280 4198 euim

184 4221 277 4278 ndhuc
299 4222 373 4278 iutra
393 4222 492 4280 uellam
512 4222 652 4298 gestantis
674 4240 720 4278 me
741 4223 769 4278 in
789 4233 872 4280 utero
890 4223 1017 4290 laterem,
1031 4231 1060 4280 te
1074 4231 1170 4280 tamen
1189 4222 1280 4278 Deum

184 4319 278 4358 meum
299 4302 429 4360 videbam
449 4313 583 4377 tanquam
605 4303 639 4370 is,
660 4302 707 4376 qui
730 4311 760 4360 et
777 4303 942 4360 inconfusus
963 4311 993 4360 et
1011 4302 1230 4378 imperturbatus
1251 4301 1279 4355 iu

709 4417 792 4474 3⁰²
