3132 4714
252 228 316 294 644
718 225 903 291 EUSEBII
1328 241 1508 309 μητι-

982 353 989 364 a
1105 331 1123 362 U

252 390 375 496 φωνὰς
403 395 480 473 ταῖς
508 391 589 492 περὶ
615 398 679 468 τοῦ
698 395 862 492 Χριστοῦ
889 387 1095 490 μαρτυρίαις
1122 417 1344 486 συμπεριπε-

251 515 463 618 πλεγμένας,
477 513 520 600 ἅς
538 521 657 620 φαμεν
673 519 755 618 περὶ
772 516 959 612 Ῥωμαίων
975 515 1191 593 αἰνίττεσθαι
1210 511 1268 591 διὰ
1285 516 1349 610 τῆς
1361 548 1389 582 ¹0

251 649 323 721 τῶν
340 642 552 743 Ἀσσυρίων
571 643 827 744 προσηγορίας,
845 644 884 720 ἐκ
911 645 975 739 τῆς
1001 648 1066 718 τοῦ
1093 637 1266 734 ὀνόματος
1292 638 1348 739 ἑρ-

251 767 394 864 μηνείας
413 767 478 844 αἰεὶ
496 766 760 866 συνισταμένης
781 767 845 865 τῆς
866 765 958 845 κατὰ
977 764 1125 870 χρόνους
1143 763 1349 866 ἐπικρατού-

251 927 322 992 σης
339 898 411 970 τῶν
429 893 540 970 ἐθνῶν
557 894 757 989 βασιλείας,
776 896 824 977 ὡς
844 895 901 972 ε’πὶ
918 900 1040 994 καιροῦ
1058 900 1122 970 τοῦ
1140 889 1347 994 προσήκον-
1386 944 1391 954 -

214 1055 241 1104 71
252 1051 313 1100 τος
330 1016 626 1119 παραστήσομεν.
665 1022 736 1097 Καὶ
755 1019 867 1121 ε”γωγε
884 1017 948 1099 τόν
965 1016 1145 1119 λογισμὸν
1162 1022 1226 1116 τῆς
1244 1018 1353 1114 αὐτῆς

253 1143 485 1228 ῑάποδόσεως
502 1144 592 1248 πρὸς
611 1144 762 1244 ἐμαυτὸν
780 1146 1057 1249 διερευνώμενος,
1071 1141 1168 1242 οἶμαι
1186 1145 1229 1225 δι’
1250 1141 1352 1222 οὐδὲν
1363 1175 1391 1226 ¹⁵

253 1270 371 1372 ἕτερον
388 1269 438 1369 μὴ
457 1272 633 1370 ὀνομαστὶ
650 1277 721 1349 τῶν
735 1272 921 1368 Ῥωμαίων
938 1280 1180 1371 μνημονεῦσαι
1199 1269 1245 1350 τὰ
1262 1294 1392 1371 πρυ-Ρ·
1403 1291 1476 1357 3²3

253 1395 386 1500 φητικὰ
404 1395 522 1499 λόγια,
542 1396 564 1497 ἢ
583 1396 699 1477 διὰτὸ
717 1397 865 1496 μέλλειν
883 1400 941 1478 ἐπὶ
958 1402 1021 1496 τῆς
1038 1399 1225 1496 Ῥωμαίων
1243 1405 1353 1490 βασι·

252 1525 350 1607 λείας
366 1523 431 1623 τὴν
444 1533 508 1604 τοῦ
525 1529 692 1627 Σωτῆρος
709 1526 811 1624 ἡμῶν
824 1527 947 1624 Ἰησοῦ
961 1529 1125 1626 Χριστοῦ
1138 1521 1353 1621 διαλάμπειν

252 1655 300 1733 είς
318 1649 454 1734 πάντας
472 1649 680 1752 ἀνθρώπους
699 1652 945 1747 διδασκαλίαν,
965 1654 1023 1730 καὶ
1044 1649 1108 1734 τὰς
1126 1645 1375 1753 προφητικᾶςε

252 1775 397 1881 γραφὰς
415 1777 469 1855 ἐπ’
489 1777 597 1874 αὐτῆς
621 1811 659 1856 τε
682 1781 745 1876 τῆς
763 1778 949 1874 Ῥωμαίων
967 1775 1107 1859 πόλεως
1125 1779 1184 1854 καὶ
1204 1777 1243 1854 ἐν
1257 1781 1353 1854 πᾶσι
1462 1775 1466 1780 “
1553 1769 1554 1772 ¹

214 1909 325 1992 ιιτοῖς
344 1899 413 1981 ὑπὸ
432 1903 627 2000 Ῥωμαίους
645 1903 764 1983 ἔθνεσι
783 1903 1072 2002 δημοσιεύεσθαι.
1111 1899 1174 1981 Ἵν’
1196 1901 1258 1979 οῦν
1277 1906 1353 1984 τοῖς
1549 1895 1555 1906 ’

251 2033 315 2127 τῆς
336 2031 448 2133 ἀρχῆς
476 2038 648 2132 κρατοῦσι
675 2027 940 2132 δυσαρίσπησις
967 2029 1119 2128 μηδεμία
1146 2028 1288 2128 γένηται
1310 2028 1350 2106 ἐκ

251 2158 314 2253 τῆς
340 2155 525 2257 προδήλου
547 2159 629 2258 περὶ
653 2158 769 2235 αὐτῶν
790 2160 1012 2262 ἀναγραφῆς,
1030 2157 1073 2234 δι’
1094 2152 1312 2255 αἰνιγμάτων
1328 2155 1396 2232 ὁιο

250 2279 361 2383 λόγος
379 2281 616 2388 ἐπεκρύψατο,
633 2283 670 2362 ἕν
688 2317 725 2362 τε
749 2284 878 2384 ἑτέροις
901 2283 1078 2379 πλείοσιν,
1098 2281 1139 2360 οὐ
1162 2278 1234 2379 μὴν
1251 2278 1383 2358 ἀλλὰλ)

250 2410 308 2486 καὶ
331 2410 369 2486 ἐν
387 2415 463 2491 ταῖς
487 2417 550 2488 τοῦ
568 2407 710 2501 Δανιὴλ
731 2408 900 2510 θεωρίαις,
919 2405 1045 2509 ὥσπερ
1068 2407 1132 2486 οῦν
1157 2410 1216 2485 καὶ
1244 2407 1281 2484 ἐν
1305 2411 1352 2509 τῇ

250 2533 339 2630 μετὰ
357 2539 476 2637 χεῖρας
494 2535 704 2642 προφητείᾳ,
722 2537 760 2612 ἐν
779 2530 801 2636 ᾗ
827 2533 1103 2617 κατευθύνοντος
1121 2528 1247 2615 αὐτοῦς
1266 2532 1347 2609 ὄνο-

212 2657 349 2762 73μόζει
376 2659 584 2762 προσειπὼν
611 2660 844 2762 Ἀσσυρίους.
904 2664 968 2765 Τῷ
999 2656 1135 2738 τούτων
1162 2666 1376 2760 τοιγαραῦνε

249 2783 347 2892 ξυρῷ
371 2785 435 2866 τὸν
455 2784 651 2884 σύμπαντα
675 2785 815 2883 κόσμον
831 2791 895 2863 τοῦ
913 2785 1093 2864 Ἰουδαίων
1112 2783 1233 2867 ἕθνους
1258 2782 1351 2882 μετὰ

686 2946 871 3002 stratumne
888 2946 917 3000 S.

251 3071 353 3128 dentiae
368 3073 533 3129 obnoxium.
567 3072 625 3128 Sed
640 3072 775 3146 quasdam
790 3090 853 3130 esse
867 3071 1047 3147 propheticas
1061 3093 1155 3142 voces,
1169 3074 1351 3140 testimoniis,

251 3169 314 3224 quas
335 3150 370 3206 de
391 3151 507 3207 Christo
528 3152 665 3218 feruntur,
681 3153 841 3226 implicitas,
859 3171 928 3226 quas
949 3154 1067 3211 dicimus
1088 3155 1123 3212 de
1143 3155 1279 3212 Romanis
1300 3174 1352 3228 per

250 3231 433 3304 Assyriorum
459 3232 679 3308 appellationem
704 3233 881 3307 accipiendas
904 3251 939 3290 ex
961 3235 1084 3291 nominis
1108 3235 1350 3312 interpretatione,

250 3310 328 3386 quod
341 3329 454 3386 semper
466 3330 586 3387 regnum
601 3313 679 3378 illud,
694 3313 769 3388 quod
784 3331 834 3386 per
844 3313 957 3388 singula
971 3324 1100 3389 tempora
1113 3316 1246 3391 gentibus
1259 3316 1351 3390 impo-

251 3392 336 3449 situm
352 3401 404 3458 est,
419 3401 611 3468 representat,
626 3393 864 3468 quemadmodum
878 3411 931 3451 suo
945 3403 1073 3470 tempore
1084 3396 1350 3453 demonstrabimus.

250 3476 346 3546 Atque
360 3491 416 3548 ego
430 3473 553 3547 quidem,
570 3474 636 3530 dum
651 3475 735 3549 hujus
749 3473 935 3548 expositionis
949 3475 1089 3532 rationem
1103 3495 1214 3532 meeum
1228 3476 1352 3550 inquiro,

251 3553 373 3611 arbitror
387 3554 423 3611 ob
438 3553 508 3610 nihil
522 3555 597 3611 aliud
619 3554 732 3612 oracula
752 3554 919 3629 prophetice
938 3575 995 3612 non
1015 3573 1238 3613 commemorare
1258 3558 1351 3613 nomi·

250 3634 339 3690 natim
356 3635 510 3699 Romanos.
527 3654 611 3708 quam
628 3636 704 3710 quod
722 3634 859 3690 Romanis
879 3637 1064 3711 regnantibus
1086 3636 1241 3694 Salvatoris
1261 3638 1354 3694 nostri

251 3713 380 3770 doctrina
400 3714 429 3770 in
450 3733 550 3772 omnes
571 3716 700 3772 homines
722 3733 803 3771 suum
825 3714 920 3772 lumen
941 3725 1002 3774 erat
1018 3717 1147 3782 missura,
1162 3726 1192 3774 et
1205 3718 1353 3792 scripturus

251 3794 425 3868 propheticae
440 3795 469 3851 in
483 3796 546 3870 ipsa
559 3796 753 3856 Romanorum
769 3795 838 3852 urbe
852 3808 881 3852 et
891 3795 920 3852 in
931 3797 1062 3854 omnibus
1076 3798 1209 3874 gentibus
1221 3799 1353 3854 Βοιαιιαο

254 3873 374 3946 imperio
387 3875 521 3950 subjectis
535 3875 731 3950 publicandas:
754 3893 790 3931 ne
805 3875 892 3950 igitur
906 3877 939 3933 iis
953 3877 1001 3952 qui
1022 3879 1168 3952 imperium
1186 3878 1354 3936 obtinebant

251 3953 311 4008 ulla
329 3953 488 4010 oboriretur
502 3957 630 4020 offensio,
649 3956 673 4012 si
695 3957 731 4013 de
755 3956 823 4030 ipsis
844 3958 1020 4031 apertissime
1039 3959 1173 4032 scriptum
1193 3967 1276 4024 esset,
1291 3977 1351 4014 ser-

251 4033 343 4089 monis
358 4033 484 4091 adhibits
498 4037 586 4092 estin
600 4037 721 4093 oraculis
734 4037 901 4101 obscuritas,
916 4056 1003 4112 quum
1024 4039 1138 4112 quidem
1159 4040 1186 4096 in
1207 4039 1268 4096 aliis
1288 4039 1353 4112 plu.

251 4112 338 4176 ribus.
367 4121 428 4168 tum
456 4132 524 4170 vero
551 4117 581 4171 in
610 4117 738 4174 Danielis
762 4116 937 4174 visionibus:
974 4119 1213 4192 quemadmodum
1240 4120 1270 4175 in
1298 4119 1354 4175 hae

251 4207 371 4263 qnoque.
397 4209 458 4263 quas
481 4211 556 4248 nuno
581 4195 609 4250 in
631 4197 761 4252 manibus
786 4204 839 4259 est,
864 4198 1031 4272 prophetia·
1048 4219 1109 4272 quoe
1132 4217 1196 4256 oum
1218 4199 1354 4274 Assyrios

252 4269 374 4340 appellet
397 4269 589 4342 gubernantes
604 4274 752 4350 inteiligit.
796 4276 908 4334 Horum
932 4296 1002 4351 ergo
1027 4280 1165 4336 novacula
1190 4280 1353 4336 universum
