3130 4722
275 249 338 312 720
439 135 458 200 d
724 241 909 308 EUSEBII
1353 258 1384 320 p.
1395 237 1518 320 360-
1557 299 1558 314 ἢ

273 413 390 494 Ἰούδα
407 413 705 516 προελεύσεσθαι,
723 414 783 491 καὶ
805 409 863 489 ὅτε
891 408 929 488 δὲ
957 411 996 488 ἐκ
1022 410 1144 501 Aaou
1166 409 1225 486 καὶ
1251 403 1368 485 Σολύ-

273 573 389 638 μωνος
408 540 446 619 ἕκ
464 573 503 618 τε
524 544 587 639 τῆς
605 539 701 641 ῥίζης
718 539 859 618 Ἰεσσαὶ
877 534 1034 636 γεγονὼς
1051 537 1234 634 ἐδηλοῦτο,
1252 535 1291 611 ἐκ
1309 536 1490 629 τῦςΜὸῐ

233 667 380 764 isaurus
399 669 518 768 φυλῆς
535 663 587 744 οῦν
603 666 789 745 ἐδείκνυτο.
850 667 941 744 Παῖς
959 659 1024 760 μὲν
1042 657 1114 763 γὰρ
1132 657 1177 759 ἦν
1194 667 1259 737 τοῦ
1274 660 1367 736 Ἰεσ·

272 796 337 871 σοὶ
356 794 486 887 Δοβῖδ,
500 799 564 869 τοῦ
581 789 620 870 δὲ
637 792 760 884 Aaou
778 787 964 885 Σολύμων,
978 785 1179 869 συστάντες
1197 787 1236 865 ἐκ
1253 787 1373 889 φυλῆς

271 916 401 996 Ἰούδα.
443 917 510 1016 Etr,
529 913 574 995 ἂν
591 923 780 1018 τοιγαροῦν
798 915 842 1021 ἐξ
858 917 965 1013 αὐτῆς
984 916 1004 992 ὁ
1024 911 1152 1013 Σωτὴρ
1167 915 1223 991 καὶ
1241 909 1395 1014 Κύριοςς

273 1044 384 1142 ἡμῶν,
403 1040 527 1144 ὥσπερ
546 1043 609 1122 οῦν
631 1043 651 1121 ὁ
669 1040 868 1141 θαυμάσιος
887 1036 1149 1142 εῦαγγελιστὴς
1166 1045 1376 1139 γενεαλογεῖ

275 1175 462 1253 Ματθιιΐος
494 1169 622 1269 λέγων,
648 1171 776 1260 Βίβλος
808 1167 964 1269 γινίσιως
993 1168 1097 1259 Ἰησοῦ
1130 1165 1278 1269 Χριστοῦ,
1306 1166 1372 1242 υἱοῦ

275 1293 404 1389 Διιβῖδ,
440 1297 505 1375 υἱοῦ
533 1293 710 1399 Ἀβραάμ.
769 1291 936 1400 Ἀβριιῦιμ
968 1287 1111 1392 ἐγέννησε
1148 1291 1199 1370 for
1232 1290 1370 1382 ’luerim

272 1420 400 1502 Ἰσιιῦινι
431 1416 466 1500 δῦ
493 1420 638 1522 ἐγέννησε
666 1420 718 1499 τὶν
747 1420 892 1514 'lesciis
920 1415 1053 1508 Ἰοινιῦβ
1084 1414 1120 1496 δὲ
1149 1415 1291 1516 ἐγέννησε
1320 1417 1370 1494 τῦν
1386 1452 1414 1486 ιο

272 1543 409 1638 Ἰούδου,
429 1551 487 1627 καὶ
505 1545 551 1625 τὰ
568 1545 662 1651 ἑξῆς.

327 1671 451 1753 Ἀλλὰ
469 1669 540 1774 γὰρ
559 1675 617 1751 καὶ
634 1670 770 1750 τούτων
786 1669 852 1767 τὴν
870 1670 998 1749 οἰκείαν
1017 1667 1198 1774 ἀπόδειξιν
1216 1671 1368 1766 ἀπειλη-
1399 1717 1404 1726 ·

273 1800 406 1904 φύτων,
425 1797 545 1903 καιρὸς
564 1802 621 1877 καὶ
639 1794 722 1882 τοῦς
740 1793 889 1901 χρόνους
907 1799 1063 1875 συνιδεῖν
1080 1798 1143 1893 τῆς
1162 1800 1234 1872 τῶν
1253 1826 1367 1895 προη-

274 1926 495 2030 γορευμένων
511 1923 817 2026 ἀποπληρώσεως.

688 2165 877 2240 ΤΟΜΟΣ
912 2165 962 2240 Η.
1382 2193 1413 2257 ρ.
1423 2175 1489 2256 362

329 2315 757 2398 ἈΠΟΔΕΙΞΑΝΤΕΣ
790 2312 833 2390 δι’
859 2309 958 2390 ὅσων
990 2311 1010 2387 ὁ
1038 2317 1102 2389 τοῦ
1129 2315 1225 2389 θεοῦ
1253 2307 1373 2410 Λόγος

270 2449 320 2526 εἰς
348 2441 556 2542 ἀνθρώπους
584 2441 682 2546 ἥξειν
709 2437 922 2540 ἐθεσπίζετο,
941 2435 1022 2516 ὅθεν
1046 2437 1102 2514 ιτε
1129 2438 1187 2515 καὶ
1215 2435 1287 2535 ὅπη
1314 2439 1396 2517 καῖε

273 2569 369 2651 ὅπως
395 2565 627 2673 ὀφθήσεσθαι
654 2572 728 2648 τοῖς
752 2567 809 2644 ἐπὶ
834 2567 899 2664 γῆς
925 2565 962 2641 ἐν
986 2569 1064 2644 ταῖς
1088 2563 1170 2661 παρ’
1190 2562 1373 2663 Ἑβραίοις

273 2698 509 2800 προφητικαῖς
528 2697 663 2799 φωναῖς
681 2689 897 2792 ἐκηρύττετο,
918 2687 972 2767 ὅτι
991 2721 1029 2766 τε
1046 2683 1153 2770 αύτδς
1171 2689 1299 2771 ἐκεῖνος
1317 2684 1404 2786 ἦννῑ)

734 2868 788 2922 ιτε
803 2869 863 2922 ιᾱδ.
881 2867 912 2922 P.

274 3017 334 3090 ipse
348 3035 406 3072 uon
421 3015 491 3071 nlius
505 3014 541 3070 de
554 3013 630 3069 tribu
643 3013 719 3070 Judu
732 3013 894 3087 proditurus
909 3011 1093 3085 sIgnifioutur,
1111 3010 1212 3085 quique
1231 3030 1266 3068 ex
1280 3011 1372 3067 David

275 3105 305 3156 et
324 3095 487 3158 Solomone,
510 3102 594 3167 utque
619 3113 653 3150 ex
675 3094 771 3150 radice
795 3095 876 3150 Jesse
898 3092 1024 3148 exiturus
1046 3090 1197 3156 ferebatur,
1218 3110 1251 3148 ex
1274 3092 1372 3148 eadem

274 3175 349 3233 tribu
371 3174 514 3249 proiectus
538 3175 706 3231 ostenditur.
749 3175 825 3231 Num
846 3173 930 3230 Jesse
953 3173 1065 3247 quidem
1088 3172 1162 3228 filius
1186 3171 1240 3229 fuit
1261 3173 1370 3229 David:

273 3255 361 3331 ipsius
374 3265 469 3313 nutem
484 3254 576 3312 David
598 3254 745 3321 Solomon,
761 3257 808 3330 qui
826 3255 861 3310 de
874 3254 951 3312 tribu
964 3253 1039 3309 Juda
1060 3252 1171 3309 oriundi
1190 3262 1265 3310 sunt.
1309 3253 1372 3310 Erit

274 3357 344 3413 ergo
366 3356 402 3394 ex
429 3337 528 3394 eadem
554 3335 686 3393 Salvator
704 3355 736 3393 uc
758 3336 899 3394 Dominus
922 3344 1036 3390 noster:
1060 3334 1133 3390 sicut
1154 3333 1238 3390 etiam
1262 3334 1373 3391 divinus

274 3419 449 3493 evengelista
467 3418 623 3474 Mattheus
647 3417 676 3474 in
698 3418 759 3490 ejus
780 3435 884 3494 genere
905 3415 1046 3471 narrando
1067 3414 1235 3471 testificatur
1254 3416 1370 3471 dicens:

275 3499 359 3556 Liber
378 3502 560 3573 generationis
580 3501 647 3555 Jesu
664 3499 766 3556 Christi
777 3499 835 3573 filit
850 3497 953 3558 David,
967 3497 1024 3566 filii
1038 3495 1189 3552 Abrohom.
1232 3495 1371 3552 Abraham

273 3585 369 3654 genuit
386 3581 483 3638 Isaac:
510 3581 587 3636 naar
600 3589 700 3645 autem,
713 3581 807 3654 yenuit
820 3579 924 3636 Jacob:
945 3577 1031 3634 Jacob
1045 3583 1144 3640 nutem,
1158 3579 1254 3649 genuit
1261 3577 1371 3638 ludum.

274 3669 304 3717 et
317 3671 429 3718 oaetern.

316 3740 374 3799 Sed
398 3741 512 3815 quondo
533 3742 633 3798 harum
659 3759 751 3797 rerum
780 3740 923 3814 proprium
951 3735 1221 3794 demonstrationem
1249 3736 1371 3810 explicu-

275 3822 376 3888 vimus,
387 3829 500 3896 tempus
510 3823 569 3896 jam
585 3821 670 3877 suerit
680 3821 793 3886 intueri,
803 3819 904 3894 quibus
918 3817 1093 3893 temporibus
1103 3835 1136 3873 eo
1151 3835 1213 3890 quoe
1227 3817 1373 3894 prophstae

274 3902 464 3974 predixerant
478 3903 619 3977 completo
633 3901 698 3957 sint.

734 4036 808 4095 LIB.
824 4036 907 4094 VIII.

314 4144 410 4212 Quum
430 4153 513 4200 antea
530 4145 816 4202 demonstraverimus
837 4144 865 4199 in
888 4161 971 4218 quem
989 4142 1085 4199 multis
1103 4143 1249 4217 scripturoe
1271 4139 1373 4196 divine²

273 4223 343 4278 loeis
358 4221 411 4276 Dei
427 4220 556 4278 Verbum
577 4224 612 4280 sd
634 4224 764 4281 homines
779 4233 929 4281 sentinam
950 4231 1107 4286 coneretur,
1123 4222 1253 4296 undeque
1271 4229 1300 4277 et
1314 4219 1372 4283 ubi.

270 4309 303 4358 et
317 4299 460 4375 quomodo
481 4301 525 4364 iis,
541 4302 587 4373 qui
610 4303 640 4357 in
659 4311 735 4358 terra
748 4311 928 4360 versarentur
941 4303 1093 4358 videndum
1112 4301 1285 4375 propheticis
1298 4301 1372 4374 apud
