3144 4720
286 231 350 296 794
733 232 919 298 EUSEBII
1363 253 1396 314 p.
1407 230 1473 314 398
1484 265 1524 276 —

285 430 377 479 σεως
407 405 479 476 τῶν
506 399 596 496 μετά
624 401 793 502 Ἡρώδην
826 403 883 480 καὶ
915 398 1006 478 κατὰ
1034 397 1116 480 τοὺς
1143 393 1294 500 χρόνους
1321 401 1384 472 τοῦ

244 526 453 623 98Σωτῆρος
476 523 577 622 ἡμῶν
600 527 853 625 γεγενημένων.
914 530 991 604 Τοῦ
1009 523 1081 624 γάρ
1099 521 1191 601 κατὰ
1209 519 1272 600 τὸν
1290 525 1384 598 θεῖον

285 646 393 744 νόμον
421 650 608 752 ἀρχιερέως
635 649 754 730 πάντα
782 650 845 728 τὸν
869 654 933 747 τῆς
957 649 1045 751 ζωῆς
1067 648 1197 750 χρόνον
1219 645 1285 744 τὴν
1309 655 1418 724 λεν-(ἰ

284 774 453 874 τουργίαν
471 775 600 852 διέτειυ
619 776 898 873 κεκελευσμένον
924 775 981 852 ἐπὶ
1007 771 1162 878 διαδόχῳ
1180 775 1279 851 παιδὶ
1296 804 1384 870 γνη-

283 897 364 1002 cip,
393 898 483 976 erardi
506 898 588 981 roric
616 896 881 1002 ἐξεταζομένους
908 895 1059 999 καιρούς,
1078 895 1168 994 μετά
1192 895 1234 973 τὸ
1257 895 1382 1000 ἐξολο-

283 1025 469 1120 θρευθῆναι
489 1019 530 1101 rb
548 1023 688 1125 χρίσμα
712 1030 758 1128 τῇ
783 1023 983 1128 προφητείᾳ
1007 1022 1223 1128 συμφώνως,
1241 1027 1381 1122 πρῶτος

281 1145 346 1241 μὲν
363 1145 541 1247 Ἡρώδης,
558 1147 677 1226 ἔπειτα
695 1146 732 1225 δὲ
750 1149 808 1226 καῖ
826 1149 995 1244 Ῥωμαῖοι
1013 1144 1103 1241 μετὰ
1121 1154 1257 1239 τοῦτον,
1276 1144 1405 1245 circini-s

282 1302 351 1351 τως
369 1272 427 1348 καὶ
445 1272 487 1348 ού
507 1271 598 1350 nord
616 1271 679 1350 τὸν
698 1271 807 1368 νόμον
825 1270 905 1354 τοὺς
923 1275 1092 1375 ἀρχιερεῖς
1121 1271 1301 1349 καθίστων
1320 1269 1381 1351 οὓς

281 1391 391 1473 ε’δόκει
415 1395 543 1490 acircio,
562 1400 761 1494 δημοτικοῖς
785 1430 860 1475 τισι
885 1401 943 1474 καὶ
969 1395 1122 1493 ἀσήμοις
1140 1391 1293 1494 ἀνδράσι
1314 1393 1381 1491 τὴν

281 1517 386 1616 τιμὴν
405 1520 635 1622 χαριζόμενοι,
654 1521 877 1621 ἐπίπρασκόν
901 1553 939 1600 τε
968 1522 1026 1599 καὶ
1054 1519 1274 1618 ε’καπήλευον
1298 1519 1380 1595 τοῦ-

284 1675 385 1738 νομα,
405 1643 540 1722 ἄλλοτε
558 1645 686 1727 ἀλλοις
704 1648 917 1723 ἐνιαυσιαῖον
936 1642 977 1722 τὸ
995 1643 1136 1748 ἀξίωμα
1153 1639 1376 1741 δωρούμενον.
1389 1681 1423 1714 ιο

240 1794 273 1844 99
284 1765 352 1845 Διό
375 1801 435 1864 μοι
458 1773 556 1847 δοκεῖ
576 1770 595 1846 ὁ
622 1767 712 1872 ἱερὸς
734 1766 990 1870 εὐαγγελιστὴς
1009 1773 1150 1850 Λουκᾶς
1167 1764 1230 1844 τὸν
1248 1762 1377 1868 χρόνον

280 1900 343 1970 τοῦ
367 1891 592 1993 κηρύγματος
609 1902 672 1972 τοῦ
692 1897 858 1993 Σωτῆρος
877 1893 978 1990 ἡμῶν
1006 1890 1227 1996 ὑπογράφων
1252 1923 1378 1988 σημει-

278 2023 408 2095 οῦσθαι
436 2024 551 2112 τοῦτο,
571 2019 612 2094 δι’
633 2013 682 2094 ὧν
709 2022 834 2120 φησὶν,
852 2019 883 2095 ὲν
912 2017 974 2096 iret
1003 2013 1295 2122 πεντεκαιδεκάτῳ
1321 2014 1377 2108 τῖς

278 2145 453 2244 ἡγεμονίας
472 2144 619 2244 Τιβερίου
647 2143 828 2247 Καίσαρος,
850 2141 1089 2243 ἡγεμονεύοντος
1110 2145 1241 2220 Ποντίου
1261 2141 1415 2231 Hand-15

277 2302 331 2343 του
350 2262 596 2356 τῖςῚουδαίας,
610 2271 861 2372 τετραρχούντων
881 2261 916 2344 δὲ
934 2262 1088 2371 Ἡρώδου,
1110 2275 1170 2345 καὶ
1190 2267 1373 2354 Φιλίππου,

224 2397 338 2467 ιοοκοιὶ
369 2394 542 2478 Λυσανίου,
572 2393 627 2470 iri
661 2391 833 2493 ἀρχιερέως
851 2389 956 2468 ’Ἅννα
986 2397 1044 2468 καὶ
1077 2391 1237 2495 Καϊάφοι.
1298 2389 1376 2467 Δύο

277 2511 348 2614 γάρ
370 2513 465 2591 οὗτοι
491 2513 582 2592 κατά
615 2513 657 2592 τὸ
684 2513 770 2592 αὐτὸ
789 2517 960 2616 ἀρχιερεῖς
981 2521 1058 2596 πῶς
1076 2511 1122 2592 ἀν
1145 2512 1375 2614 ’ἐγένοντοῆ

277 2639 539 2734 καταλυθείσης
575 2642 638 2734 τῆς
675 2640 756 2739 περὶ
792 2645 864 2716 τῶν
907 2639 1096 2741 ἀρχιερέων
1134 2641 1370 2734 νομοθεσίας;

276 2760 425 2844 Τούτοις
450 2771 538 2862 γοῦν
561 2766 618 2840 καὶ
637 2761 815 2860 Ἰώσηπος
838 2765 1083 2865 ἐπιμαρτυρῶν
1101 2771 1212 2843 ταῦτα
1231 2761 1412 2869 γράφει·ρ.
1423 2801 1486 2866 399

734 2917 863 2993 Ῑγένοντο
880 2921 908 2975 S.

276 3054 430 3111 Salvatoris
444 3057 533 3112 nostri
548 3056 669 3121 fuerunt,
686 3057 916 3114 consideraveris.
948 3057 1044 3126 Quum
1059 3058 1134 3114 enim
1149 3076 1185 3114 ex
1200 3059 1294 3114 divina
1308 3059 1372 3134 lege

274 3133 402 3206 pontifex
417 3143 509 3191 totum
523 3153 581 3191 suae
595 3137 660 3192 vitae
675 3144 787 3212 tempus
801 3156 913 3195 sacrum
932 3155 1034 3193 munus
1052 3137 1130 3194 obire
1150 3137 1281 3212 idemque
1301 3138 1371 3212 legi-

275 3213 345 3268 tirno
370 3213 427 3270 filio
449 3215 605 3271 successori
629 3215 741 3273 tradere
759 3217 907 3289 juberetur
930 3235 980 3290 per
998 3235 1032 3273 ea
1052 3225 1180 3290 tempora
1201 3236 1265 3290 quae
1287 3218 1371 3274 modo

274 3292 500 3367 explorabamus,
515 3303 580 3368 post
594 3295 737 3352 interitum
760 3315 847 3353 sacrae
867 3297 1017 3360 unctionis,
1033 3296 1105 3352 sicut
1119 3297 1269 3371 prophetia
1283 3298 1370 3371 signi·

274 3371 415 3438 beaverat,
431 3375 537 3447 primus
552 3375 666 3448 quidem
678 3375 818 3438 Herodes,
830 3385 895 3449 pust
905 3376 1049 3432 Herodem
1061 3393 1128 3431 vero
1139 3376 1224 3432 etiarn
1237 3375 1370 3444 Romani,

274 3452 379 3526 absque
399 3453 517 3528 judicio,
540 3455 616 3510 nulla
641 3462 752 3510 servata
773 3455 846 3529 lege,
870 3472 940 3529 quos
960 3455 1014 3528 ipsi
1035 3455 1203 3528 probassent
1223 3456 1370 3529 pontifices

274 3531 415 3590 declarare
443 3533 633 3598 instituerunt,
656 3534 774 3609 plebeiis
804 3534 971 3607 quibusdam
995 3534 1060 3590 viris
1088 3541 1171 3607 atque
1199 3535 1371 3608 ignobilibus

273 3611 349 3668 hunc
362 3611 500 3670 honorem
515 3613 677 3686 largientes,
692 3613 776 3686 idque
790 3614 912 3669 nominis
926 3614 1024 3669 venale
1041 3613 1145 3668 habere
1164 3620 1194 3668 et
1212 3631 1371 3687 cauponum

275 3708 353 3747 more
366 3709 418 3764 pro
432 3710 467 3749 eo
481 3692 601 3764 pretium
616 3692 750 3764 accipere,
766 3693 852 3748 modo
867 3692 929 3755 bos.
946 3693 1031 3748 modo
1047 3691 1109 3748 illos
1123 3711 1216 3748 annua
1230 3693 1369 3766 dignitate
1460 3733 1464 3743 .

274 3769 421 3827 donantes.
465 3772 605 3839 Quocirca
629 3778 743 3826 sanctus
767 3771 941 3844 evangelista
963 3771 1065 3835 Lucas,
1091 3771 1158 3826 dum
1186 3772 1371 3845 praedicandae

275 3847 430 3906 Salvatoris
444 3850 534 3907 nostri
552 3849 687 3905 doctrina
701 3857 814 3922 tempus
835 3849 977 3917 describit,
992 3851 1048 3907 hoc
1069 3851 1160 3924 ipsum
1182 3851 1251 3906 mibi
1272 3858 1371 3907 notare

273 3927 393 3992 videtur,
409 3948 495 4003 quum
510 3929 558 3992 ait,
576 3928 610 3984 In
624 3947 694 3985 anno
708 3930 802 4002 quinto
816 3929 918 3984 decimo
933 3930 1035 4002 imperii
1051 3929 1149 3986 Tiberii
1166 3930 1291 3997 Carraria,
1300 3949 1369 4005 pro-

274 4014 386 4061 curante
402 4009 501 4063 Pontio
517 4009 609 4063 Pilato
622 4007 758 4072 Indicam,
779 4009 954 4064 tetrarchiam
974 4027 1037 4064 nero
1056 4008 1236 4064 obtinentibus
1251 4011 1369 4072 Herode,

273 4092 301 4138 et
317 4085 453 4158 Philippo,
469 4095 495 4141 et
510 4086 640 4158 Lycorin,
655 4086 703 4142 snb
720 4088 889 4161 principibus
909 4089 1078 4144 edendorum
1098 4089 1180 4144 Anna
1201 4097 1228 4143 et
1244 4089 1369 4162 Caipba:

273 4181 394 4234 namque
409 4165 438 4218 hi
453 4165 508 4218 duo
523 4183 579 4236 quo
593 4165 706 4220 tandem
722 4173 806 4239 pecto
820 4166 920 4222 eodem
934 4176 1061 4240 tempore
1080 4168 1199 4224 fuissent
1213 4167 1369 4240 pontifices,

272 4239 326 4294 nisi
345 4241 401 4312 legi
423 4259 484 4313 qnae
504 4242 539 4296 de
560 4243 738 4314 pontificibus
760 4245 867 4302 sancita
885 4245 976 4302 fueret
991 4247 1032 4302 vis
1054 4247 1131 4303 illata
1145 4244 1254 4305 fuisset.
1299 4246 1370 4301 Haeo
