3142 4720
253 223 319 286 548
700 215 885 280 EUSEBII
1330 221 1520 291 μαγα-

255 415 315 463 τος
333 383 568 482 πειρασθῆναι
586 377 655 459 ὑπὸ
677 386 741 456 τοῦ
767 373 949 471 διαβόλου,
969 371 1035 453 ι’ίτε
1062 379 1121 452 καὶ
1148 391 1349 476 παραλαμ-

256 509 352 596 βάνει
372 500 468 586 atrii
487 515 501 586 ί
522 500 685 596 θιάβιλος
705 512 750 588 εἰς
770 503 837 609 ίρος
862 497 995 605 islanis
1014 500 1103 593 λίαν,
1124 508 1182 575 καὶ
1206 489 1239 588 ἧι
1261 491 1375 596 perias

234 629 318 708 8τῶι
347 629 461 739 θηρίων.
513 628 615 731 Ὀρη
643 631 672 708 8
700 626 822 725 ἀνείη
852 627 952 707 αὖθις
979 621 1238 726 τροπικώτερον
1264 621 1288 717 ’ἡ
1316 621 1353 696 ἐν

257 763 329 838 τοῖς
347 755 447 857 ὄρεσι
464 754 505 833 τὸ
528 758 613 856 πρὶν
635 752 885 851 ἐπιτελουμένη
904 745 1216 848 ωείδωλολατρεία,
1235 747 1293 823 καὶ
1316 748 1353 822 ai

256 886 294 961 ἐν
311 881 448 966 τούτοις
468 879 710 983 ἐνεργήσοσαι
735 877 879 980 ἀόρατοι
904 877 963 955 καὶ
988 874 1217 977 “ἀρχοντικαὶ
1242 869 1350 949 δυνά-

257 1041 342 1106 μεις,
362 1004 405 1091 ἀς
423 1009 464 1086 οὑ
492 1011 624 1106 μικρῶς
642 1005 665 1101 ἡ
682 1012 746 1081 τοῦ
767 1007 933 1104 Σωτῆρος
951 1000 1051 1097 ἡμῶν
1071 997 1215 1076 ἀνίσειε’
1231 1029 1269 1074 τε
1295 1000 1353 1074 καὶ
1364 1039 1396 1073 10

258 1134 403 1211 ἀνεκίνει
422 1131 648 1212 διδασκαλία.
698 1127 847 1208 Τούτων
865 1125 936 1228 γάρ
955 1128 999 1204 ⁰5
1023 1124 1138 1205 ἔνθεος
1156 1125 1265 1202 αὐτοῦ
1282 1118 1351 1199 λό-

257 1292 331 1359 γος,
344 1259 369 1355 ἥ
384 1291 421 1336 τε
440 1253 708 1357 θαυματουργὸς
726 1257 784 1332 καὶ
801 1248 1087 1358 παραδοξοποιὸς
1107 1246 1223 1352 ίσχάς,
1242 1257 1381 1344 λελη-ο

258 1382 372 1467 θότως
398 1383 464 1482 τὴν
492 1381 583 1462 κατὰ
610 1388 681 1460 τῶν
709 1379 906 1482 ἀνθρώπων
936 1375 1075 1479 μακρὰν
1107 1378 1165 1455 καὶ
1194 1371 1355 1452 παλαιὰν

235 1510 469 1589 νδνναστείαν
493 1508 647 1612 καθῄρει.
696 1504 886 1589 Ὡσαύτως
913 1504 950 1584 δὲ
975 1508 1033 1582 καὶ
1058 1500 1219 1583 κοιλάδες
1241 1497 1350 1599 τηκό-

258 1667 360 1732 μενοι
387 1637 435 1715 ὡς
463 1633 568 1734 κηρὸς
592 1631 663 1711 ἀπὸ
690 1630 889 1733 προσώπου
914 1627 1027 1731 πυρὸς
1045 1629 1207 1725 δαίμονες
1226 1624 1270 1704 ἀν
1288 1619 1379 1713 siem

259 1759 395 1862 χθόνιοι
413 1761 471 1835 καὶ
489 1758 667 1858 περίγειοι,
690 1758 770 1837 καθ’
792 1752 842 1835 ὧν
860 1754 901 1833 τὸ
921 1753 1113 1833 καυστικὸν
1131 1757 1195 1850 τῆς
1212 1756 1353 1854 μοχθη-

259 1883 336 1984 ρίας
358 1883 475 1961 αιἰτῶν
498 1890 571 1984 πῦρ
593 1882 698 1987 ἠφίει,
718 1880 846 1981 λε’γων,
867 1883 935 1988 Πῦρ
953 1875 1046 1972 ἦλθον
1065 1882 1209 1971 Ι’βαλεῖν
1228 1880 1283 1957 ἐπὶ
1303 1875 1357 1967 rip

260 2007 332 2109 γῆν,
353 2015 411 2086 καὶ
436 2011 471 2085 τί
490 2006 572 2087 θίλω
598 2016 623 2086 εί
647 2003 703 2100 ἤθη
723 2006 867 2112 ἀνήφθη,
898 2007 958 2110 ὑφ’
978 2005 1020 2084 οὗ
1046 2003 1158 2106 πυρὸς
1181 2002 1226 2101 δὴ
1254 2001 1352 2080 καιό-

260 2167 369 2233 μενοι,
388 2137 446 2212 καὶ
463 2132 513 2230 μὴ
532 2131 654 2212 οἷοίτε
673 2131 771 2217 ὅντες
789 2131 853 2217 τάς
872 2129 943 2212 ἀπὸ
961 2136 1026 2230 τῆς
1043 2129 1197 2232 ἀοράτου
1215 2125 1357 2232 φλογὸς

262 2260 382 2364 φέρειν
400 2255 593 2355 βασάνους,
613 2259 863 2362 ὑπανεχώρουν
881 2265 953 2336 τῶν
971 2257 1199 2358 ἀνθρωπείων
1224 2288 1281 2333 σω
1321 2249 1354 2312 ’·
1368 2289 1401 2322 ιο

262 2418 346 2482 των,
357 2387 414 2463 καὶ
433 2385 474 2464 τὸ
492 2384 645 2489 συνέχον
656 2419 698 2486 γε
717 2389 773 2464 καὶ
793 2387 942 2464 ε’λαῡνον
961 2383 1086 2465 αι’ττοὺς
1101 2379 1388 2482 ἀνωμολόγουνά

262 2518 427 2606 βοῶντες,
438 2509 524 2600 Ἔα,
545 2515 579 2589 τί
607 2515 680 2612 ἡμῖν
709 2519 768 2590 καὶ
798 2520 859 2606 σοί,
879 2510 923 2589 vti
951 2511 1006 2588 τοῧ
1035 2511 1142 2602 Θεοῧς
1175 2503 1268 2599 ἦλθες
1295 2509 1357 2604 apl

265 2639 377 2742 καιροῦ
404 2639 596 2728 βασανίσαι
625 2640 737 2741 ἦμῖιςς
768 2632 901 2740 ιίθαμίν
927 2671 966 2716 σε
994 2639 1044 2720 τίς
1073 2633 1149 2724 οἱὸ
1178 2631 1277 2733 ἀγιις
1304 2631 1359 2709 τιῧ

305 2810 313 2852 ¹
327 2812 380 2885 ὅτι]
397 2812 440 2868 ὅτι
455 2814 486 2868 Ρ.
600 2821 623 2852 ¹¹¹
637 2812 823 2882 είδωλολιιτρίο
838 2813 866 2868 S.
976 2821 992 2851 ὓ
1005 2811 1167 2884 ἀρχοντικοὶ]
1184 2811 1315 2882 ἀρχαὶκαὶ
1330 2813 1358 2866 S·

265 2911 325 2950 eum
340 2893 492 2965 interprete.
508 2893 561 2948 vid.
577 2891 638 2947 infr.
652 2911 679 2964 p.
690 2905 749 2963 274
759 2894 788 2948 b.
884 2899 899 2931 ⁰
913 2892 928 2959 ἡ
942 2891 1041 2964 ἔνθεος]
1059 2895 1073 2945 ἀ
1087 2893 1173 2947 ἔνθεος
1186 2893 1266 2946 abrai·
1278 2891 1360 2963 λόγος

265 2973 328 3027 RS.
369 2973 438 3026 Tum
452 2973 497 3040 ἦτε
512 2973 538 3026 S.
553 2991 602 3044 pro
616 2971 676 3026 rire.
759 2975 909 3036 Ρβοσιλεῖν
922 2973 949 3027 S.

265 3131 324 3180 erat
348 3141 409 3180 com
422 3123 506 3198 seris.
548 3123 657 3180 Rursus
677 3126 762 3182 etiam
789 3125 936 3200 figuratius
956 3133 1069 3182 montes
1089 3125 1258 3199 accipiemus
1280 3125 1359 3181 illurn

265 3203 497 3260 simulachrorum
512 3203 628 3270 cultum,
640 3205 687 3278 qui
701 3206 778 3280 prius
791 3206 820 3261 io
835 3206 978 3262 montibus
991 3205 1231 3279 frequentabatur,
1243 3213 1272 3261 et
1281 3205 1311 3262 in
1325 3205 1360 3262 iis

266 3283 418 3340 efficaciam
446 3301 525 3339 suam
553 3284 735 3342 ostendentes
759 3285 912 3342 invisibiles
936 3285 1108 3360 principatus
1135 3304 1169 3341 ac
1195 3293 1360 3358 potestates,

266 3381 336 3438 quas
356 3381 413 3420 non
433 3363 533 3420 leviter
550 3361 705 3422 Salvatoris
722 3366 812 3421 nostri
830 3367 973 3422 concussit
991 3365 1201 3439 commovitque
1222 3365 1359 3421 doctrina.

265 3443 374 3500 Talium
389 3444 464 3500 enim
477 3444 593 3520 longam
610 3453 640 3501 et
653 3453 777 3502 veterem
794 3455 893 3502 contra
910 3444 1040 3502 homines
1061 3446 1218 3519 potentiam
1238 3445 1362 3502 latenter

267 3525 370 3582 delevit
394 3525 519 3582 divinum
540 3525 614 3581 illius
635 3526 761 3590 verbum,
784 3532 814 3581 et
835 3525 952 3581 mirifica
975 3533 1004 3582 et
1025 3544 1138 3582 omnem
1163 3525 1192 3582 ia
1213 3525 1361 3582 efficiendo

265 3605 351 3662 fidem
366 3624 502 3679 superans
515 3605 568 3662 vis.
610 3605 717 3662 Eadem
731 3623 798 3661 vero
813 3605 921 3662 ratione
935 3605 1020 3661 etiam
1040 3605 1227 3679 liquescentes
1246 3614 1279 3661 ut
1296 3625 1362 3663 cera

267 3685 374 3742 afacie
395 3686 470 3759 ignis
491 3685 578 3742 valles
601 3687 744 3742 daemones
765 3692 848 3741 erunt
868 3684 970 3742 inferni
992 3694 1022 3742 et
1042 3685 1147 3742 circum
1174 3694 1279 3741 terram
1297 3704 1360 3742 ver-

267 3773 380 3820 santes:
404 3765 552 3821 adversum
572 3784 642 3841 quos
662 3765 767 3839 ignem,
782 3765 830 3839 qui
850 3765 1004 3839 nequitiam
1025 3765 1151 3838 ipsorum
1172 3765 1360 3830 combureret,

104 3849 153 3890 noe.
163 3861 232 3900 12249·
268 3842 374 3899 dimisit
388 3843 492 3910 dicens,
510 3845 603 3919 Ipnern
615 3847 674 3902 verri
694 3848 798 3902 mittere
818 3848 845 3902 ia
865 3854 975 3911 terram,
990 3853 1016 3901 el
1031 3847 1095 3918 qnid
1108 3847 1216 3911 volari
1229 3847 1293 3918 jam
1313 3865 1359 3902 αο-

267 3941 357 3978 census
373 3925 438 3978 ert?
459 3942 514 3997 quo
528 3925 595 3998 igne
609 3925 730 3998 correpti
751 3925 800 3990 illi,
816 3944 900 4000 quum
920 3924 1067 3982 invisibilis
1084 3925 1205 3981 flammae
1219 3932 1362 3982 tormenta

265 4001 340 4063 ferre
354 4020 411 4058 non
425 4011 549 4077 possent,
565 4003 599 4059 de
615 4005 744 4060 hamanis
762 4005 925 4079 corporibus
939 4005 1118 4072 recedebant,
1132 4005 1255 4079 illudque
1269 4005 1362 4078 ipsum

267 4101 323 4156 qno
350 4083 462 4139 interim
490 4083 693 4140 cohibebantur
720 4093 803 4159 atque
831 4085 1047 4160 impellebantur
1074 4103 1131 4159 prae
1160 4103 1190 4142 se
1224 4085 1361 4148 ferebant,

105 4177 211 4224 nosne,
267 4181 372 4237 magna
385 4180 454 4218 voce
468 4163 631 4227 clamantes,
645 4163 711 4228 Εία,
728 4167 793 4237 quid
815 4166 888 4221 nobis
908 4173 935 4220 et
956 4167 1005 4221 tibi
1017 4167 1065 4236 fia·
1081 4164 1162 4222 Deir
1183 4167 1280 4221 uenisti
1300 4171 1363 4221 ante

105 4237 233 4321 mmm
269 4249 371 4314 tempus
393 4248 516 4312 torquere
535 4243 609 4296 nos?
628 4247 747 4300 nouimus
767 4253 802 4308 tc,
820 4247 878 4316 quis
896 4247 942 4307 sir,
956 4253 1066 4301 sanctus
1079 4243 1254 4321 Dciquos
1274 4245 1363 4319 igitur
