3144 4720
262 221 327 284 ιιι
711 220 897 288 nusuuu
1342 236 1503 306 p.429-

260 387 397 488 σαλὴμ,
417 392 476 468 καὶ
501 395 575 469 τῶν
602 390 655 469 ἐπ’
676 391 784 489 αὐτῆς
811 387 995 494 ἀρχόντων
1021 421 1061 468 τε
1088 390 1146 468 καὶ
1169 386 1367 484 βασιλέων,

261 515 326 618 ὅρη
351 518 409 594 καὶ
432 517 584 611 βουνοὺς
606 515 858 620 ὀνομαζόμενα,
877 514 1216 614 ταπεινωθήσεσθαι
1234 517 1363 596 θεσπί-

237 641 385 743 οᾷιυσα.
436 640 511 722 Ὧν
538 643 839 723 ἐπιτελεσθέντων
863 645 968 747 φησὶ,
987 645 1094 723 πῖιτιι
1123 640 1210 749 σάρξ
1235 635 1366 751 idem
1378 679 1409 714 ιο

260 771 296 848 ri
316 769 463 876 τωτιίμιι
480 772 535 850 τιό
553 772 648 866 Θεοῦ,
667 771 780 869 δῆλον
807 771 837 849 δ’
857 768 913 848 ὅτι
939 775 1045 849 πᾶσα
1068 768 1091 867 ἡ
1116 769 1155 846 ἐν
1177 771 1286 870 σαρκὶ
1307 770 1366 848 ἐπὶ

260 897 328 994 γῆς
346 894 628 1001 ἀναστρέφουσα
646 893 750 999 ψυχὴ
767 893 961 994 Ἑλλήνων
983 895 1073 992 ὁμοῦ
1091 896 1150 972 καὶ
1167 892 1366 996 βαρβάρων

261 1022 320 1099 καὶ
338 1019 483 1100 πάντων
502 1021 729 1126 ἁπαξαπλῶς
746 1026 819 1099 τῶν
837 1021 960 1115 ε’θνῶν,
978 1015 1003 1098 ἃ
1025 1021 1083 1097 καὶ
1104 1051 1149 1122 τῃ
1166 1015 1365 1121 προρρήσει

225 1145 468 1230 ιοιίκολοιίθως
495 1151 543 1230 είς
575 1145 685 1248 πέριις
714 1145 868 1225 ἐλθόντα
899 1145 1084 1224 δείκνυται.
1142 1154 1158 1186 ¹
1171 1149 1299 1242 Ζητῶν
1325 1142 1406 1237 δέρ·
1416 1169 1489 1235 430

261 1274 344 1373 παρ’
364 1275 505 1378 ἐμαυτῷ
531 1271 569 1350 τί
590 1271 661 1372 ἄρα
686 1268 732 1368 ἦν
756 1269 799 1350 τὸ
826 1270 1012 1376 ἐκπλῆξαι
1033 1267 1116 1352 τοὺς
1139 1268 1302 1352 πολλοὺς
1325 1270 1366 1348 ἐν

260 1405 313 1503 τῷ
325 1396 483 1501 Ἰωάννῃ,
497 1399 545 1480 ὡς
559 1395 743 1494 θαυμάσαι
757 1394 865 1475 αὐτὸν
878 1399 937 1475 καὶ
952 1394 1159 1498 κηρόττοντι
1172 1393 1366 1494 βάπτισμα

260 1523 446 1620 μετανοίας
471 1529 676 1619 πιστεῦσαι,
697 1520 835 1604 πάντας
862 1555 901 1601 τε
929 1519 1155 1625 πανταχόθεν
1182 1519 1228 1600 τὰ
1254 1526 1387 1606 οἰκεῖαι

262 1646 505 1730 ἀπολιπόντας
530 1655 675 1750 συρρεῖν
699 1649 757 1728 ἐπὶ
778 1645 845 1745 τὴν
870 1647 1011 1748 ἔρημον,
1030 1648 1195 1746 μάλιστα
1212 1646 1271 1726 ὅτε
1288 1681 1360 1747 μη-

262 1773 384 1871 δεμίαν
421 1775 529 1852 αι’ττοῦ
559 1774 693 1878 πρᾶξιν
725 1778 934 1875 ἱστοροῦσιν
965 1779 999 1852 oi
1031 1772 1146 1876 λόγοι,
1180 1776 1260 1852 οὔτε
1292 1771 1366 1874 γάρ

262 1897 404 2002 νεκροὺς
429 1899 565 2002 ἐγείρας
592 1901 671 1979 οὔτε
699 1900 801 2002 ἐτερα
827 1899 992 1998 θαύματα
1012 1899 1214 1991 πεποιηκὼς
1231 1901 1361 2000 άναγέ-

261 2053 432 2128 γραπται·
461 2025 500 2102 τί
524 2023 569 2124 δὴ
595 2027 658 2104 οὖν
681 2023 727 2123 ἦν
750 2023 792 2106 τὸ
822 2025 1009 2131 ἐκπλῆξαι
1032 2024 1115 2108 τοὺς
1140 2021 1304 2120 πάντας;
1340 2021 1365 2123 ἢ

261 2152 399 2251 μήποτε
418 2153 438 2230 d
457 2148 558 2256 ξένος
582 2155 643 2230 καὶ
671 2149 939 2254 παραλλάττων
958 2149 1058 2235 ’τοὺς
1075 2148 1237 2234 πολλοὺς
1256 2150 1366 2230 αὐτοῦ
1379 2191 1409 2226 ιο

260 2278 366 2371 βίοςς
409 2274 536 2380 προῄει
567 2275 705 2385 γὰρῄέκ
735 2282 799 2376 τῆς
826 2277 957 2379 ἐρήμου
987 2277 1093 2382 ξένην
1122 2277 1367 2382 ἠμφιεσμεόος

260 2401 411 2500 στολὴν,
429 2409 554 2482 πᾶσαν
579 2401 616 2480 δέ
641 2389 708 2500 τ’ὴν
734 2399 853 2502 κοινὴν
877 2400 1077 2505 ἀνθρώπων
1097 2398 1284 2502 διατριβὴν
1303 2405 1396 2481 eir-b

259 2525 484 2628 τρεπόμενος,
503 2527 584 2605 οὕτε
610 2535 699 2627 γοῦν
725 2535 773 2610 είς
801 2526 934 2626 κώμην,
956 2528 1036 2606 οὕτε
1065 2532 1113 2610 εἰς
1140 2525 1260 2623 πόλιν,
1283 2529 1366 2606 οὔτε

260 2657 308 2736 είς
326 2637 444 2732 κοινὸν
461 2653 650 2753 σύλλογον
668 2654 809 2755 ἀνδρῶν
825 2653 1071 2754 παρέβαλλεν,
1084 2650 1186 2730 ἀλλὰ
1204 2651 1283 2732 ouidi
1301 2657 1367 2752 τῆς

404 2845 420 2877 ¹
435 2837 519 2909 Ζητῶ]
538 2839 619 2905 ζητῶν
633 2837 664 2890 P.
747 2843 763 2888 i
777 2840 830 2890 τῶν
841 2835 962 2908 πολλῶν]
980 2837 1041 2894 τοὺς
1054 2837 1172 2893 πολλοὺς
1186 2838 1217 2891 P.

262 2989 311 3047 illu
334 2990 511 3064 imperabant
531 2989 690 3064 principum
713 3008 747 3046 ac
770 3007 881 3065 regum.
905 2990 952 3063 qui
975 2998 1087 3047 montes
1109 2997 1140 3046 et
1163 2989 1249 3046 eolles
1271 2990 1365 3046 nomi·

261 3077 376 3134 nentur,
399 3068 563 3132 altitudines
585 3069 757 3144 dejiciendae
775 3070 954 3135 vaticinatur,
976 3069 1078 3145 quibus
1099 3069 1241 3144 persentis,
1267 3072 1366 3135 omnia,-

262 3149 363 3224 inquit,
378 3167 442 3206 curo
455 3150 555 3205 videbit
569 3151 694 3206 uolutare
707 3151 772 3208 Dei.
815 3150 881 3207 Hoo
894 3157 939 3207 est
952 3151 1045 3208 omnis
1064 3168 1238 3224 quaecunque
1252 3151 1366 3223 corpori

262 3230 371 3287 inclusa
390 3229 510 3286 interra
522 3237 652 3287 versatur
673 3231 777 3295 anima,
794 3237 853 3286 tam
874 3231 1059 3288 barbarorum
1080 3249 1164 3304 quam
1186 3231 1364 3298 Graecorum,

262 3310 385 3374 honest,
400 3310 528 3368 omnium
550 3311 667 3367 omnino
687 3311 835 3386 gentium:
859 3329 921 3385 quae
940 3310 1055 3386 quidem
1074 3310 1126 3384 ipsi
1140 3309 1274 3366 vaticinio
1294 3327 1364 3366 eon-

263 3399 399 3448 sentanoa
422 3390 458 3448 ad
483 3409 563 3448 suum
587 3391 673 3447 finem
700 3391 862 3465 pervenisse
890 3391 1130 3448 demonstrantur.
1173 3391 1250 3446 Dum
1276 3389 1367 3465 igitur

261 3491 373 3529 mecum
389 3471 492 3528 tacitus
513 3489 618 3544 quaero,
634 3470 735 3528 oborta
756 3470 825 3528 mihi
846 3479 890 3528 est
908 3471 1056 3536 dubitatio,
1071 3471 1138 3545 quid
1158 3471 1274 3527 tandem
1294 3469 1367 3526 iliud

263 3560 339 3610 esset
359 3552 388 3608 in
402 3552 514 3608 Joanne
534 3569 591 3627 quo
612 3559 696 3625 capta
715 3551 868 3607 multitudo
889 3550 936 3607 illa
957 3551 1143 3608 admiraretur
1163 3550 1318 3614 hominem,
1335 3561 1368 3607 et

262 3631 428 3706 praedicanti
449 3632 593 3706 baptisma
613 3631 788 3706 poenitentia».
808 3631 894 3687 fidem
918 3630 1046 3695 haberet,
1071 3631 1193 3704 quidque
1217 3630 1287 3686 iliud
1308 3647 1367 3704 quo

263 3712 341 3770 ducti
359 3730 458 3768 omnes
478 3711 602 3785 undique
623 3711 707 3767 rebus
724 3711 845 3786 propriis
859 3711 964 3768 relictis
978 3711 1154 3768 confluerent
1167 3711 1197 3767 in
1211 3710 1367 3776 desertum.

264 3811 350 3866 quum
374 3791 533 3868 praesertim
556 3791 634 3848 nulla
660 3791 734 3848 illius
759 3799 841 3866 gestu
862 3791 1006 3848 memoriae
1027 3791 1140 3866 prodita
1167 3791 1241 3847 sint:
1273 3807 1367 3864 neque

264 3873 340 3928 enim
355 3871 430 3946 quod
446 3879 495 3928 aut
507 3879 636 3928 mortuos
650 3871 821 3935 excitaverit.
833 3879 882 3929 aut
895 3872 950 3928 ulia
963 3871 1098 3928 miracula
1111 3871 1218 3936 iecerit,
1229 3870 1369 3950 scriptum

264 3959 353 4009 extat.
396 3951 473 4012 Quid
487 3951 574 4026 igitur
590 3951 659 4009 iilud
679 3960 740 4009 erat
753 3952 829 4025 quod
847 3951 1067 4008 admirabundoa
1088 3969 1188 4008 omnes
1208 3949 1366 4008 redderet?

263 4030 344 4085 Num
366 4030 485 4087 forsitan
505 4050 610 4088 novum
632 4039 661 4088 et
682 4031 759 4106 quod
780 4051 797 4088 a
818 4032 999 4088 multitudiue
1020 4031 1187 4088 abhorreret
1205 4031 1270 4087 vitoe
1291 4029 1368 4088 illius

264 4109 376 4181 genus?
408 4109 582 4167 Procedebat
606 4112 682 4168 enim
705 4131 741 4169 ex
765 4111 878 4168 deserto
901 4112 1066 4169 inusitatum
1089 4111 1204 4167 indutus
1225 4109 1366 4176 habitum,

265 4203 434 4258 omnemque
457 4204 636 4244 communem
659 4190 807 4247 hominum
834 4192 1067 4248 consuetudinem
1095 4191 1260 4248 declinans:
1297 4209 1366 4247 nam

264 4279 356 4334 neque
369 4262 398 4317 in
409 4262 501 4317 uicum
516 4263 613 4329 ulium,
627 4285 720 4340 neque
733 4270 761 4324 in
778 4271 885 4339 urbem,
897 4289 989 4344 neque
1004 4271 1032 4326 in
1046 4289 1227 4328 communem
1241 4269 1365 4344 aliquam
