3108 4708
48 265 183 332 -499.
436 258 664 326 nunnusu.
689 260 859 326 nvuuu.
886 263 931 326 x.
949 263 977 325 8.
1230 265 1294 332 eeu

191 419 229 496 έν
254 425 316 525 τῷ,
347 420 415 524 ε’γιίν
448 420 490 504 de
516 434 583 531 εἰμι
613 427 762 534 σκώληξ,
794 436 854 506 καί
885 434 943 508 οὐκ
972 426 1147 537 ἅνθρωπος,
1179 427 1292 514 ἰίνειθις
1301 470 1332 532 p.
1343 468 1406 533 499

191 544 361 650 ιἰιθρσίπων
388 558 447 630 καί
475 548 669 658 {gunduinum
695 557 791 633 λωιῖν.
850 554 980 639 Ποίντες
1002 567 1027 634 σί
1054 552 1231 661 θεωροῦντες
1248 591 1294 656 με

193 672 446 781 ἰξεμυνιτνίρισιίν
464 711 519 780 με,
539 676 715 771 ἐλνίλησιιν
735 681 764 757 ἓν
782 682 942 775 χείλεσιν,
956 681 1105 773 ἐκίνησαν
1125 679 1290 785 respodit,

193 795 333 891 η’λπισεν
351 803 406 881 ἓπί
429 801 548 909 Ku'pru²
564 802 713 908 poncinico
732 805 838 895 αι’πίνν,
854 806 999 886 σωσιίτω
1018 806 1126 899 uiuit,
1142 805 1188 886 ’ότι
1208 801 1313 886 θέλεις

153 927 299 1005 studuit.
361 933 432 1006 Kal
456 926 506 1028 μὴ
531 928 720 1034 θαυμάσῃς
742 935 771 1008 εἰ
797 939 910 1010 ταῦτα
928 931 1019 1010 κατὰ
1037 931 1078 1013 τὸ
1096 929 1211 1014 πάθος
1229 941 1293 1011 τοῦ

194 1055 361 1154 Σωτῆρος
386 1053 486 1152 ἡμῶν
511 1055 627 1156 εἰρητό
654 1089 692 1134 τε
720 1061 778 1136 καί
804 1056 1031 1159 πεπλήρωτο,
1051 1056 1158 1137 ὁπότε
1185 1056 1295 1136 εἰσέτι

192 1179 295 1281 δεῦρο
313 1180 412 1283 παρὰ
429 1188 543 1262 πᾶσιν
562 1183 762 1284 ἀνθρώποις
779 1191 853 1268 τοῖς
870 1185 1017 1284 μηδέπω
1037 1183 1101 1284 τὴν
1120 1190 1167 1266 εἰς
1186 1183 1292 1262 αὐτὸν

192 1304 318 1384 πίστιν
343 1305 580 1413 ἀνειληφόσιν
606 1306 736 1393 ὄνειδος
759 1308 958 1412 ἀνθρώπων
979 1309 1194 1407 νενόμισται.
1244 1311 1332 1388 Tiro

194 1427 266 1532 γὰρ
284 1427 328 1509 ἂν
346 1430 489 1536 αἴσχιον
507 1435 565 1512 καί
587 1433 721 1518 παντὸς
739 1435 894 1518 ὀνείδους
911 1442 1029 1540 χεῖρον
1048 1442 1111 1514 τοῦ
1129 1468 1292 1536 σταυρω-

192 1560 316 1654 θῆναις
347 1555 472 1637 Ἀλλὰ
485 1560 543 1638 καί
558 1555 755 1665 ἑξουθένημιι
769 1564 856 1642 λιιιῦ
869 1564 947 1640 ε’στί
961 1571 1024 1640 τοῦ
1035 1565 1074 1640 ἐκ
1091 1565 1322 1664 περιτομῆς,ἰ)

130 1706 143 1730 ’
191 1680 324 1766 παντὸς
341 1685 459 1763 αι’πῶν
476 1693 541 1763 τοῦ
563 1683 684 1769 ἔθνους
702 1686 810 1766 εἰσέτι
829 1695 891 1766 νῦν
909 1691 967 1766 καί
985 1687 1144 1790 σήμερον
1163 1686 1293 1790 χλευά-

191 1807 261 1909 ζειν
282 1812 340 1888 καί
359 1810 553 1915 ε’ξουθανεΐν
578 1813 636 1891 καὶ
655 1811 866 1892 καταπτύειν
885 1811 1047 1898 εἰωθότος
1066 1814 1185 1892 αἰποῦ·
1211 1814 1293 1892 ὅθεν

192 1937 250 2014 καί
278 1933 419 2018 εἰκότως
447 1938 467 2015 d
500 1934 716 2032 ἀπόστολος,
746 1941 838 2043 ἡμεῖς
867 1934 901 2017 di
932 1939 1130 2043 κηρύσσομεν
1160 1939 1313 2042 Χριστίνσ

193 2060 442 2167 ἐσταυρωμένον,
457 2057 627 2148 Ἰουθιιίιις
655 2061 715 2166 μὲν
743 2059 948 2152 σκόνθιιλον,
970 2061 1066 2143 ἔθνεσι
1093 2059 1127 2142 de
1155 2069 1290 2172 μωρίαν.

152 2189 266 2268 utta>
295 2187 340 2266 τιί
365 2187 504 2293 έξῆςδέ
527 2189 691 2292 εἰρημένα
717 2193 755 2268 έν
779 2198 831 2296 τῷ
848 2194 996 2296 ll‘uducp
1014 2189 1123 2270 εἰσέτι
1149 2193 1206 2268 καί
1233 2199 1295 2270 νῦν

193 2315 305 2417 εὕροις
323 2313 368 2394 εἰν
390 2315 490 2418 παρὰ
514 2322 587 2398 τοῖς
612 2323 765 2398 πολλοῖς
782 2319 864 2419 περὶ
883 2323 947 2396 τοῦ
971 2318 1078 2395 αὐτοῦ
1103 2316 1290 2418 λεγόμενα.

194 2445 318 2520 Ταῦτα
343 2440 408 2538 μέν
431 2443 493 2520 οὖν
517 2444 598 2544 περὶ
615 2446 679 2541 τῆς
697 2440 944 2541 διαλαβοόσης
961 2443 1068 2522 αὑτὸν
1087 2443 1194 2523 εἰσέτι
1213 2444 1292 2524 τότε
1303 2484 1333 2519 10

192 2565 439 2682 περιστάσεως
462 2570 601 2673 ηὔχετο.
661 2569 775 2653 Εἰδὼς
798 2570 836 2648 δὲ
860 2569 910 2668 μὴ
936 2571 1077 2673 χείρονα
1098 2571 1213 2649 οὖσαν
1230 2574 1294 2668 τῆς

122 2735 127 2744 ·
192 2702 255 2773 τοῦ
289 2693 443 2773 θανάτου
475 2701 667 2800 συμφορᾶς
695 2693 761 2793 τὴν
787 2693 933 2796 προίσηυ
960 2697 1069 2774 αὑτοῦ
1096 2701 1144 2778 εἰς
1173 2695 1294 2796 σάρκα

193 2819 332 2899 ἕνδεσιν
356 2822 414 2900 καί
439 2819 505 2919 τὴν
531 2823 570 2900 ἐκ
597 2822 742 2920 θηλείας
760 2821 818 2899 καί
837 2820 1015 2922 παρθένου
1032 2819 1183 2921 γένεσιν,
1202 2818 1317 2898 nardo

194 2981 283 3045 homo,
301 2981 473 3056 opprobrium
498 2981 634 3037 herluinum
659 2988 686 3037 et
707 2979 820 3052 objectio
839 2982 941 3056 pupuli.
998 2980 1095 3039 Omnes
1114 2982 1233 3038 videnter
1254 2999 1296 3038 me

193 3061 424 3118 subsannaverunt
437 3079 489 3127 me,
506 3063 589 3118 locuti
609 3067 672 3116 runt
694 3061 780 3126 lubitu,
795 3069 822 3118 et
835 3069 974 3118 mouerunt
988 3069 1077 3136 eaput.
1120 3062 1246 3136 Sperunit
1268 3063 1295 3118 iu

196 3141 323 3207 Domino,
343 3144 445 3218 eripiat
467 3161 535 3205 etam,
554 3140 657 3198 saluum
673 3142 770 3215 suniat
792 3161 860 3209 eum,
886 3145 1012 3216 quonium
1035 3143 1093 3198 uult
1114 3161 1183 3199 ευνυ.
1227 3141 1295 3198 Noli

193 3229 289 3278 eutem
304 3221 399 3279 mirari
413 3222 437 3278 ei
451 3223 513 3279 haec
526 3221 579 3278 sub
601 3220 691 3295 ip'sem
711 3221 867 3279 Salvatorie
886 3222 974 3279 nostri
996 3223 1155 3297 pensionem
1175 3231 1205 3279 et
1219 3223 1295 3280 dicte

194 3311 261 3359 nunt
280 3311 309 3359 et
323 3302 473 3377 complete,
489 3302 602 3376 quando
623 3301 709 3360 hodie
730 3319 841 3376 quoque
863 3302 937 3376 apud
958 3320 1057 3358 omnes
1077 3301 1217 3370 homines,
1233 3302 1294 3375 qui.

194 3401 306 3457 cunque
327 3384 453 3440 nondum
473 3383 504 3438 in
521 3383 595 3438 illiue
614 3382 698 3440 fidem
714 3390 861 3446 venerunt,
876 3382 1058 3456 opprobrium
1074 3381 1222 3438 hominum
1243 3381 1293 3436 he-

194 3463 284 3521 betur.
327 3463 405 3532 Quid
424 3464 500 3519 enim
521 3463 632 3538 turpius
651 3471 680 3520 et
701 3463 779 3518 omni
800 3462 904 3536 probro
924 3461 1015 3526 vilius,
1030 3479 1113 3536 quum
1135 3461 1211 3517 cruci
1232 3479 1295 3516 esse

193 3544 334 3601 affixum?
357 3543 408 3600 sed
421 3560 518 3600 nonne
531 3543 615 3600 etiem
631 3543 726 3618 populi
740 3541 852 3599 ludoici
865 3541 986 3617 objectio
1002 3541 1068 3600 esti
1091 3541 1193 3615 quippe
1207 3559 1294 3613 quum

194 3624 325 3680 universe
338 3624 385 3680 ille
399 3625 478 3680 natio
492 3623 577 3681 etiem
596 3642 671 3680 nuno
692 3630 721 3680 et
734 3623 765 3679 in
783 3623 858 3680 huno
877 3641 965 3696 usque
985 3622 1060 3678 diem
1079 3630 1108 3679 et
1128 3620 1245 3678 irridere
1265 3629 1295 3676 et

196 3705 342 3780 negligere
363 3713 392 3761 et
406 3705 543 3778 despuere
558 3703 636 3760 illum
650 3703 836 3760 consueverit.
879 3702 1000 3760 Proinde
1021 3703 1167 3776 epoetolue
1187 3702 1293 3764 merito,

195 3803 244 3841 noe
268 3793 368 3848 nutem,
391 3785 503 3859 inquit„
514 3787 693 3859 predicantur
716 3783 852 3842 Christum
873 3784 1040 3858 crucifisum.
1062 3783 1164 3839 Judaeiu
1189 3783 1295 3856 quidem

194 3865 363 3932 scandalum,
383 3865 511 3938 gentibus
532 3873 622 3921 autem
645 3864 800 3921 stultitiam.
843 3863 901 3921 Sed
924 3881 976 3920 neo
1001 3863 1095 3920 minue
1112 3880 1148 3919 eo
1168 3879 1230 3935 quae
1250 3880 1294 3918 se·

195 3953 320 4019 quuutur
334 3946 362 4001 in
378 3945 491 4002 Psalmo
504 3945 587 4002 facile
601 3945 685 4002 etium
702 3963 777 4001 nuno
789 3945 917 4002 invenies
931 3962 949 3999 u
961 3943 1100 4018 plerisque
1115 3943 1150 4000 de
1164 3942 1213 3999 illo
1228 3941 1293 4000 dici.

197 4025 269 4082 llaeo
282 4026 370 4101 igitur
383 4045 435 4101 pro
449 4025 600 4082 afflictione
619 4043 682 4099 qum
701 4025 779 4081 illum
801 4023 987 4099 apprehendit
1001 4024 1086 4080 etiem
1100 4033 1169 4081 tuno
1183 4022 1292 4080 orabat.

195 4105 291 4173 Quum
306 4115 401 4163 nutem
415 4106 505 4163 nihilo
518 4105 643 4162 viliorem
659 4104 779 4180 primum
793 4123 936 4180 corporee
949 4116 1057 4162 nuturoe
1073 4105 1295 4179 assumptionem

195 4195 345 4261 ortumque
367 4188 445 4244 illum
468 4187 504 4244 de
525 4185 642 4243 ioemine
668 4194 698 4242 et
722 4185 831 4260 virgine
854 4185 915 4259 ipsu
931 4186 1030 4242 mortis
1052 4185 1212 4244 calamitate
1233 4203 1295 4242 eene

195 4266 377 4341 intelligeret.
393 4287 451 4324 non
469 4267 648 4324 incommode
662 4266 691 4321 in
709 4265 744 4321 iie
764 4284 826 4339 quoe
847 4266 883 4322 ed
904 4273 1025 4322 mortem
1047 4267 1189 4340 pertinent
1210 4265 1294 4320 etiam

237 4380 303 4418 von.
318 4381 352 4420 ιι.
723 4377 739 4430 3
757 4381 775 4416 o
