3142 4720
71 235 195 310 -264.
464 235 691 300 DEMONST.
717 235 887 300 EVANG.
914 237 969 300 v1.
988 241 1015 300 6.
1243 238 1307 300 533

208 403 280 478 Καὶ
298 403 355 479 ἐπὶ
372 408 477 496 πᾶσι,

257 541 311 613 Ti
339 545 399 640 ὅρη
425 543 695 638 ἀγαλλιάσονται
721 545 789 615 ἀπὸ
816 548 997 642 προσώπου
1021 545 1155 638 Κυρίου,
1173 546 1226 616 ὅτι
1254 546 1329 642 ἔρ-5

206 688 316 754 χεται,
337 659 390 730 ὅτι
417 658 481 742 ἥκει
507 670 609 756 κρῖναι
634 660 694 740 τὴν
717 668 789 752 γῆν.
841 659 958 755 Κρινεῖ
981 659 1041 742 τὴν
1067 661 1249 742 οἰκουμένην
1274 661 1306 729 ἐν

207 772 400 866 δικαιοσύνῃ,
417 775 469 843 καὶ
487 774 584 851 λαούς
600 775 632 843 ἐν
650 775 808 855 εύθύτητι.

184 923 196 958 ²
264 908 426 983 Πολλῶν
451 906 597 1005 ἀγαθῶν
619 906 714 984 αίτία
738 907 796 983 καὶ
817 904 875 985 διά
894 903 1029 984 τούτων
1048 905 1070 1003 ἠ
1089 913 1152 983 τοῦ
1173 905 1306 1006 Κυρίου

204 1032 387 1130 παρουσία
411 1038 484 1113 τοῖς
508 1030 627 1110 ἔθνεσι
650 1034 867 1132 γεγενῆσθαι
891 1029 1162 1136 προφητεύεται,
1193 1029 1217 1108 ἀ
1247 1032 1305 1110 καὶ
1318 1071 1347 1104 ιο

205 1154 265 1233 διὰ
277 1160 341 1254 τῆς
353 1157 558 1262 ἐπιφανείας
577 1165 639 1236 τοῦ
654 1161 820 1258 Σωτῆρος
837 1157 937 1256 ἡμῶν
949 1159 1006 1236 ἐπὶ
1024 1157 1134 1258 πέρας
1152 1156 1307 1260 ἀχθέντα

206 1282 392 1360 δείκνυται.
433 1282 506 1388 Ἐξ
521 1283 653 1363 ε’κείνου
671 1281 742 1384 γάρ
760 1317 815 1361 τοι
834 1286 891 1362 καὶ
911 1284 952 1362 ού
970 1282 1144 1384 πρότερον
1162 1283 1204 1361 τὸ
1223 1317 1304 1361 και·

208 1404 269 1486 viv
296 1403 400 1512 ᾆσμα
428 1412 492 1506 τῆς
520 1413 640 1507 καινῆς
668 1409 836 1508 διαθήκης
861 1415 909 1491 είς
934 1406 1071 1490 πάντας
1099 1407 1307 1510 ἀνθρώπους

207 1529 338 1636 ᾄδεται,
357 1536 415 1613 καὶ
433 1531 480 1611 τά
497 1532 681 1633 θαυμάσια
699 1535 808 1613 αὐτοῦ
827 1532 885 1612 διά
910 1537 973 1632 τῆς
992 1539 1064 1612 τῶν
1090 1534 1307 1634 εὐαγγελίων

208 1663 351 1763 γραφῆς
369 1659 530 1762 γνώριμα
548 1664 606 1740 καὶ
629 1659 831 1766 ἐξάκουστα
848 1666 921 1742 τοῖς
939 1666 1033 1738 πᾶσι
1051 1661 1198 1760 γίνεται.
1249 1659 1346 1757 Ούρ.
1360 1676 1423 1753 264

207 1782 279 1882 μὴν
310 1784 411 1863 ἀλλά
440 1790 498 1865 καὶ
528 1785 570 1865 τὸ
601 1784 791 1888 σωτήριον,
819 1784 861 1865 τὸ
892 1784 981 1866 κατά
1010 1784 1077 1885 τὴν
1105 1789 1145 1864 ἐκ
1175 1793 1307 1888 νεκρῶν

209 1909 412 1990 ἀνάστασιν
439 1915 556 2009 αὐτοῦ,
584 1920 698 1991 πᾶσιν
725 1913 964 2018 ἀπεκαλύφθη
994 1920 1066 1995 τοῖς
1095 1911 1224 2009 ἔθνεσι,
1249 1914 1306 1991 καὶ

209 2038 231 2134 ἡ
257 2037 397 2138 ἀληθὴς
422 2037 638 2137 δικαιοσύνη,
658 2039 700 2116 δι’
720 2037 762 2139 ἧς
785 2040 940 2141 ἐναργῶς
964 2038 1167 2141 ἀπεδείχθη,
1186 2037 1240 2116 ὅτι
1256 2036 1329 2136 μὴε

183 2163 387 2244 3’1ουδαίων
407 2167 426 2244 ὁ
445 2165 537 2249 Θεὸς
555 2164 675 2264 μόνον,
695 2165 796 2244 ἀλλά
825 2168 883 2245 καί
905 2169 1028 2245 ε’θνῶν.
1077 2170 1235 2271 Ἐπείτιερ
1262 2164 1307 2250 εἷς

210 2289 341 2381 ὀΘεάε,
362 2291 454 2371 κατά
476 2292 654 2401 τάνιὶερὸν
676 2290 896 2388 ἀπόστολον,
915 2295 949 2377 ’ὃς
979 2287 1151 2372 δικαιώσει
1181 2327 1307 2400 περιτο-

208 2415 270 2515 puin
288 2421 327 2496 ἐκ
346 2421 492 2503 πίστεως
506 2429 587 2500 ”uoti
607 2420 835 2524 ἀκροβυστίαν
854 2413 912 2498 θιά
931 2417 986 2509 τῆς
1006 2421 1162 2502 πίστεως.
1194 2415 1250 2496 Τὸ
1269 2415 1307 2495 δὲ

208 2543 254 2620 ’ίτι
278 2541 410 2647 ἔρχεται
435 2549 538 2651 κρῖναι
563 2542 615 2635 την
633 2542 694 2646 γῆν
712 2543 837 2645 γίνοιτ’
859 2539 903 2620 ἀν
931 2541 1129 2642 δηλωτικὸν
1157 2545 1215 2621 καὶ
1244 2545 1308 2640 τῆς

209 2668 371 2771 δευτέρας
390 2669 497 2748 αὐτοῦ
516 2671 728 2771 παρουσίας.

450 2870 468 2901 ¹¹
483 2862 677 2919 καὶ-πίστιος
691 2881 724 2917 ex
738 2863 780 2918 ed.
796 2863 878 2917 Parit.
895 2862 1059 2918 exciderunt.

208 3019 301 3083 κοιιτὶ,
316 3014 437 3088 jubilate
450 3014 572 3072 Domino
593 3019 678 3074 omnis
696 3025 779 3074 terra.
821 3018 860 3074 Et
873 3017 908 3074 ad
923 3026 1092 3082 extremum,
1108 3017 1217 3074 Montes
1229 3021 1306 3074 exul-

208 3098 305 3152 tabunt
329 3115 345 3151 α
367 3103 509 3170 οοιιιρεοία
530 3097 645 3154 Domini
672 3101 797 3172 qnoniam
824 3101 905 3164 venit,
932 3101 1058 3172 quoniam
1084 3100 1157 3154 venit
1177 3096 1308 3168 judicare

209 3185 317 3241 terram,
324 3175 464 3248 judicabit
477 3176 566 3234 orbem
581 3184 661 3233 term
674 3179 834 3251 injustitia,
846 3186 874 3234 et
886 3179 1001 3252 populor
1015 3177 1043 3234 ιἰι
1057 3179 1196 3253 equitate.
1226 3177 1305 3234 Mul-

207 3267 303 3314 torum
324 3257 464 3314 bonorum
486 3257 649 3315 effectorem
670 3258 788 3314 Domini
811 3258 964 3316 adventum
986 3257 1120 3334 gentibue
1141 3257 1305 3336 contigisse,

208 3337 270 3394 hnc
291 3337 379 3395 verbu
402 3336 576 3412 praedicunt:
612 3356 674 3412 qum
698 3339 812 3414 quidem
833 3340 909 3396 bone
930 3357 981 3414 per
1003 3339 1124 3397 eundem
1149 3337 1307 3395 Salvatorie

208 3418 299 3474 noemi
319 3417 474 3475 adventum
495 3418 601 3476 exitum
624 3419 764 3494 accepisse
785 3428 987 3478 monstrantur.
1029 3418 1099 3475 Non
1120 3419 1197 3492 prius
1218 3418 1305 3483 enim,

209 3498 259 3554 red
274 3517 311 3555 ex
324 3498 374 3556 illo
388 3498 545 3564 dumtaxat,
560 3517 666 3555 novum
686 3501 753 3558 novi
770 3499 934 3558 testamenti
950 3499 1091 3556 canticum
1112 3498 1187 3570 npud
1208 3515 1307 3554 omnes

209 3578 340 3636 hominen
353 3579 472 3646 canitur,
487 3588 517 3636 et
530 3579 669 3637 mimbilin
681 3581 743 3656 ejne
756 3599 808 3655 per
824 3579 991 3652 scripturum
1008 3576 1219 3650 evangeliorum
1237 3583 1309 3632 nota

209 3659 291 3724 fiunt,
305 3669 335 3717 et
349 3659 538 3718 exaudiuntur
550 3661 586 3718 ab
600 3659 739 3718 omnibus.
782 3659 946 3730 Quinetiam
967 3657 1098 3722 salutare,
1114 3655 1190 3730 quod
1206 3673 1308 3713 secun·

209 3739 278 3796 dnm
292 3740 416 3797 reditum
430 3740 504 3797 illiue
521 3741 551 3798 in
564 3740 652 3798 vitum
669 3741 833 3817 percipitur,
848 3739 979 3798 omnibns
992 3735 1164 3814 patefactum
1178 3744 1223 3794 eet
1236 3755 1307 3812 gen-

210 3819 295 3886 tibue,
310 3829 339 3878 et
352 3839 417 3878 enm
431 3839 466 3878 eo
480 3839 548 3878 vern
557 3821 676 3896 justitia.
692 3841 743 3897 per
756 3841 839 3896 quern
854 3821 999 3878 evidenter
1012 3827 1158 3876 ostentum
1174 3826 1218 3876 eet
1232 3818 1309 3893 quod

210 3919 267 3957 non
278 3901 443 3959 Judaeornm
453 3901 545 3962 solum
555 3902 593 3960 eit
600 3903 688 3968 Deue.
698 3903 749 3961 eed
759 3903 877 3960 aliarum
888 3919 999 3976 quoqne
1013 3900 1141 3975 gentium
1152 3921 1159 3957 ι
1178 3899 1308 3964 Quando·

209 3983 327 4055 quidem,
350 4001 421 4039 υκαι
441 3983 529 4048 Deus,
554 3992 586 4040 ut
613 3991 728 4040 eunctnn
752 3984 792 4040 nit
819 3981 974 4058 apostolus,
996 3982 1044 4055 qui
1061 3980 1227 4056 justificabit
1255 3983 1308 4038 α’ν-

211 4065 389 4120 amisionem
408 4082 441 4119 ια
455 4065 525 4138 fide,
543 4073 571 4122 et
585 4064 748 4138 preputium
765 4082 818 4137 per·
831 4063 926 4139 fideret.
969 4061 1043 4118 illud
1063 4071 1168 4129 nutem,
1181 4061 1309 4134 ηυοιιίαοι

211 4144 283 4199 venit
303 4144 433 4214 judicare
460 4153 572 4211 terrum,
601 4144 687 4202 etiam
715 4144 834 4200 alterum
862 4142 936 4198 illius
967 4142 1120 4200 adventum
1150 4140 1309 4216 significare

211 4223 325 4296 poterit.
