3132 4714
243 237 308 306 oss
690 235 875 302 nusnnn
1319 255 1350 318 p.
1360 231 1498 318 318-

242 411 328 490 τίων
346 403 384 488 δὲ
408 416 535 488 τοῦτον
553 404 752 509 ἡρμήνευσε
777 403 840 486 τὸν
859 403 1003 508 τρόπον,
1023 400 1336 510 ἱγκωταλιιφθιὶσε-
1349 431 1380 496 p.
1389 429 1462 497 319

241 572 300 618 ται
319 541 336 632 ἡ
354 535 412 638 γῆ,
432 535 465 630 ip
485 533 526 616 τῦ
552 530 739 648 βδελύσση,
758 529 831 612 ἀντὶ
857 529 1035 638 προσαίπου
1063 527 1123 609 uir
1149 524 1204 610 δίο
1227 533 1337 624 βασι·

201 684 233 745 48
241 661 324 743 λέων
355 660 468 755 αὐτῆς.
525 661 640 766 Ὁρᾷς
672 659 769 742 ὅπως
798 656 864 757 τὴν
891 661 961 760 γῆν
986 654 1341 763 καταλειφθήσεσθαι

240 787 484 884 ἀβασίλευτον
502 785 683 889 θεσπίζει,
714 786 820 865 ποίαν
838 783 876 864 δέ
898 787 978 886 γῆν,
998 782 1020 884 ἢ
1037 781 1104 882 τὴν
1121 788 1194 862 τῶν
1211 790 1340 882 Δαμα-

241 921 397 1013 σκηνῶν,
415 915 474 993 καὶ
491 911 558 1011 τὴν
574 919 639 992 τοῦ
657 909 839 1015 Ἰσραήλ,
869 909 1005 990 τούτων
1024 909 1096 1012 γὰρ
1112 907 1208 1009 ἦσαν
1226 914 1259 988 οἱ
1277 909 1363 992 brios

240 1047 416 1137 βασιλεῖς,
442 1044 475 1119 οἱ
502 1041 581 1142 περὶ
608 1034 660 1117 ὧν
686 1039 707 1116 ὁ
735 1035 857 1140 λόγος.
910 1033 985 1117 Ὧν
1004 1038 1024 1116 ὁ
1043 1035 1174 1141 Ἀχαζ
1186 1034 1252 1135 τὴν
1273 1042 1342 1139 γῆν
1464 1033 1470 1041 ’

239 1168 451 1272 ε’σίκχαινεν,
476 1164 500 1267 ἢ
527 1162 782 1262 ἐβδελῦσσετο,
804 1163 1020 1264 ἄποκιίμνων
1044 1161 1068 1263 ἢ
1095 1165 1256 1265 ε’γκακιῦν
1279 1166 1339 1244 ἀπ’

240 1295 360 1394 αὐτῆς.
407 1292 496 1374 Πότ’
514 1293 577 1373 οὖν
593 1300 700 1372 τοῦτο
717 1291 863 1394 γέγονεν
878 1323 888 1390 ;
920 1288 1069 1371 Τούτων
1086 1288 1157 1393 γὰρ
1175 1322 1338 1393 συμπερ·

240 1421 437 1518 ασθέντων,
466 1426 572 1500 πᾶσα
603 1417 741 1520 ἀνάγκη
773 1420 832 1498 καὶ
865 1416 908 1497 τὸ
938 1415 1204 1520 προλεγόμενον
1234 1415 1341 1520 μέρος
1351 1457 1381 1493 ιο

240 1552 304 1645 τῆς
329 1546 548 1654 προφητείας
570 1550 619 1630 είς
643 1545 749 1648 ἔργον
766 1541 1012 1648 κεχωρηκέναι·
1041 1541 1203 1623 τοῦτοδὲ
1225 1540 1281 1642 ἢν,
1298 1539 1340 1624 τὸ

200 1672 308 1774 ιοτὴν
339 1673 517 1778 παρθένον
550 1679 662 1752 τεκεῖν
693 1668 757 1751 τὸν
788 1671 869 1770 μεθ’
895 1671 996 1769 ἡμῶν
1022 1667 1130 1750 Θεόν.
1191 1672 1265 1749 Καὶ
1297 1667 1371 1770 dib

240 1799 424 1904 πρόδηλον
444 1806 519 1883 τοῖς
545 1798 609 1882 τὰς
638 1798 797 1902 ἱστορίας
823 1793 1058 1904 ἐξετάζουσιν,
1077 1799 1124 1880 ὡς
1151 1796 1255 1902 μέχρι
1275 1795 1342 1895 μὲν

239 1933 312 2007 τιῦν
330 1922 470 2031 χρόνων
492 1930 556 2026 τῆς
580 1926 785 2031 ἐπιφανείας
812 1930 884 2004 τιῦν
903 1927 1070 2027 Σωτῆρος
1096 1923 1197 2023 ἡμῶν
1217 1926 1342 2024 Ἰησοῦ

240 2061 305 2134 τοῦ
322 2057 486 2157 Χριστοῦ
513 2055 571 2132 καὶ
592 2054 650 2133 ἐπὶ
678 2055 740 2150 τῆς
757 2057 961 2150 Δαμασκοῦ
983 2047 1208 2147 συνειστήκει
1231 2047 1274 2130 τὸ
1300 2052 1339 2130 ἐκ

240 2178 429 2284 προγόνων
448 2182 614 2285 διαδοχῆς
630 2179 832 2274 βασίλειον.
863 2175 1078 2277 *Μέμνηται
1094 2177 1217 2278 γοῦνὸ
1235 2172 1363 2278 Ιίερὸςς

240 2304 597 2410 ἀπόστολοςἍρέτα
619 2313 684 2386 τοῦ
707 2304 892 2400 βασιλέως
911 2309 1178 2405 Δαμασκηνῶν,
1197 2306 1255 2384 καὶ
1276 2310 1341 2384 τοῦ

240 2434 422 2513 Ἰουδαίων
436 2431 504 2514 11’δὲ
521 2433 644 2516 ἔθνους
660 2433 684 2532 ἡ
701 2431 854 2515 ἄτακτος
871 2433 930 2510 καὶ
944 2431 985 2510 οῦ
998 2429 1090 2510 κατὰ
1108 2427 1217 2530 νόμον
1231 2429 1340 2512 εἰσέτι

240 2557 321 2639 τότε
339 2559 470 2660 διέμενε
486 2558 667 2654 βασιλεία·
693 2558 736 2637 οῦ
752 2555 826 2659 γὰρ
843 2553 917 2637 ἀπὸ
935 2554 1058 2659 γένους
1072 2559 1195 2651 Δαθὶδ
1212 2557 1340 2663 ἔφερον

241 2684 307 2786 τὴν
324 2690 388 2786 τῆς
409 2688 522 2792 ἀρχῆς
546 2683 714 2791 διαδοχὴν
730 2683 907 2787 Ἡρώδης,
926 2686 985 2765 καὶ
1006 2689 1040 2765 οἱ
1063 2684 1139 2784 μετ’
1160 2682 1268 2763 αι’πὸν
1283 2684 1339 2764 ἐπὶ
1351 2709 1382 2745 ¹0

200 2819 305 2898 εοτοῦ
323 2817 491 2916 Σωτῆρος
507 2813 608 2912 ἡμῶν
627 2808 819 2914 γενόμενοι.
875 2809 981 2890 Μετὰ
999 2809 1038 2890 δέ
1056 2810 1122 2910 τὴν
1134 2809 1340 2918 ἐπιφάνειαν

375 2969 516 3043 Ϊμέμνητε
531 2972 560 3029 S.
643 2968 719 3045 Ῑίρδς
734 2973 766 3028 Ρ.
780 2979 812 3028 ut
824 2973 898 3046 vulg.
914 2973 942 3029 S.
1025 2973 1161 3028 fidium.
1178 2971 1207 3028 S.

241 3103 429 3177 Relinquetur,
444 3099 544 3176 inquit,
559 3110 631 3160 terro
652 3121 734 3178 quom
751 3109 781 3159 tu
802 3103 967 3160 abominaris
986 3121 1005 3160 ο
1016 3103 1097 3180 socie
1114 3105 1230 3160 duorum
1245 3121 1339 3177 regum

239 3182 334 3256 ipsius.
377 3180 479 3238 Cernis
499 3189 532 3240 ut
545 3183 713 3241 vaticinetur
731 3191 837 3241 terram
857 3183 1072 3258 relinquendam
1091 3202 1153 3242 esse
1172 3184 1233 3241 sine
1246 3183 1339 3259 rege?

240 3262 291 3320 sed
312 3281 396 3337 quam
414 3261 529 3320 tandem
543 3269 658 3330 terram,
671 3263 727 3320 nisi
743 3265 987 3322 Damascenorum
1006 3272 1091 3340 atque
1106 3264 1215 3322 lsrael?
1238 3263 1339 3321 horum

239 3342 315 3400 enim
337 3343 394 3400 duo
415 3361 499 3418 regas
520 3351 611 3408 erant,
631 3344 667 3401 de
687 3343 789 3420 quibus
809 3343 856 3401 hio
877 3363 972 3402 semo
992 3353 1047 3404 est.
1090 3345 1219 3415 Quorum
1234 3353 1339 3402 terram

238 3423 339 3482 Anbar
351 3423 514 3482 fastidiebat
530 3424 589 3481 sive
610 3425 825 3483 abominabatur
841 3425 982 3490 laborans,
997 3425 1056 3482 sive
1077 3425 1152 3482 mula
1170 3425 1283 3501 patiens
1302 3425 1339 3484 ab

239 3521 282 3562 ea.
325 3504 449 3574 Quando
473 3504 570 3580 igitur,
595 3523 700 3580 quaeso,
723 3505 778 3562 hoc
801 3505 907 3562 factum
926 3509 991 3564 est?
1022 3505 1076 3562 His
1095 3505 1171 3563 enim
1191 3506 1337 3572 confectis,

239 3603 355 3642 necesse
369 3591 414 3643 est
426 3603 543 3661 prorsus
557 3603 620 3642 eam
633 3585 790 3660 prophetia
804 3593 924 3661 partem,
939 3586 974 3644 de
988 3604 1044 3661 qna
1057 3586 1104 3644 hio
1117 3585 1224 3643 dictum
1239 3594 1291 3652 est,
1302 3585 1340 3642 nd

239 3665 348 3722 exitum
361 3666 534 3740 pervenisse,
549 3665 604 3723 hoo
617 3673 662 3724 est
675 3666 814 3741 virginem
834 3666 981 3724 nobiscnm
995 3668 1088 3724 Deum
1107 3667 1259 3741 peperisse.
1301 3667 1341 3724 Et

240 3763 308 3803 sane
322 3753 435 3804 constat
448 3745 524 3823 apud
544 3764 603 3811 eos.
619 3746 666 3821 qui
687 3764 745 3803 non
766 3747 947 3822 indiligenter
967 3747 1100 3804 historias
1119 3746 1339 3822 exploraverint,

239 3826 478 3899 quemadmodum
501 3845 591 3900 usqne
615 3825 652 3882 ad
675 3834 805 3901 tempora
828 3826 984 3885 Salvatoris
1005 3829 1096 3886 nostri
1123 3828 1195 3885 Jesn
1221 3827 1339 3892 curisti,

239 3921 323 3978 reges
336 3906 469 3963 Damasci
483 3925 500 3962 a
513 3905 669 3982 majoribus
683 3907 741 3962 suis
755 3917 902 3982 acceptum
916 3908 1065 3983 imperium
1079 3909 1232 3966 tenuerint.
1261 3907 1339 3964 Nam

75 4006 86 4034 ι
136 4011 184 4044 .n.
239 3991 354 4041 sanctus
375 4005 486 4060 quoque
507 3987 652 4060 apostolus
672 3988 768 4045 Aretre
786 3988 1025 4046 Damascenorum
1050 3990 1127 4066 regis
1150 3988 1288 4052 meminit,
1310 3996 1340 4045 et

88 4054 106 4084 ²
237 4063 257 4120 J
260 4063 365 4121 udaicee
379 4067 473 4141 gentis
487 4066 524 4131 ad
536 4067 606 4124 illud
619 4085 708 4141 usque
719 4077 839 4143 tempus,
851 4070 978 4143 quamvis
991 4071 1182 4127 inordinatum
1197 4078 1226 4126 et
1235 4077 1340 4143 prater

237 4143 326 4216 leges,
347 4161 467 4218 regnum
490 4147 632 4204 manebat.
675 4148 745 4204 Non
761 4148 837 4205 enim
858 4168 875 4205 a
895 4168 1000 4224 genere
1018 4151 1111 4208 David
1131 4155 1181 4207 aut
1196 4148 1338 4214 Herodes,

239 4231 288 4278 aut
307 4221 355 4295 qni
372 4232 439 4297 post
453 4223 599 4282 Herodem
614 4226 770 4285 Salvatoris
784 4229 875 4286 nostri
888 4232 1063 4305 temporibus
1076 4231 1241 4294 extiterunt,
1257 4228 1339 4303 regni

255 4302 446 4360 uecessionem
468 4301 606 4362 ferebant.
648 4307 689 4364 At
707 4325 774 4364 vero
795 4318 861 4382 post
878 4309 939 4384 ejus
958 4311 1121 4377 adventum,
1136 4319 1286 4386 postquam
1302 4310 1339 4366 dc
