3130 4722
67 250 202 316 -350.
457 236 682 303 DEMONST.
707 239 876 306 EVANG.
902 240 984 303 VII.
1004 258 1032 303 2.
1253 237 1318 310 699

216 392 316 496 ἔτυχε
338 399 401 492 τῆς
419 401 677 501 προσηγορίας,
695 399 745 499 μὴ
769 403 901 500 δεηθεὶς
920 400 1144 502 ἀνθρωπίνου
1161 400 1317 502 χρίσμα-
1328 442 1358 476 ιο

216 552 288 614 τος,
305 523 344 600 ἐκ
373 527 437 600 τοῦ
464 521 578 603 τόπου
606 529 669 624 τῆς
697 525 863 632 Ναζαρὲθ
890 523 956 623 τήν
986 525 1186 622 ἐπωνυμίαν
1216 521 1346 622 iatri-b

216 678 323 723 σατο.

176 807 207 858 ⁵²
273 770 423 850 Τοῦτον
444 775 556 858 οὕτως
575 775 887 875 ἀποδεδειγμένων,
906 773 1025 877 καιρὸς
1047 775 1317 880 ἐπισκέψασθαι

215 898 276 974 καὶ
302 896 347 1003 ἐξ
372 897 495 978 ὁποίου
522 899 656 1000 γένους,
676 899 719 1006 ἐξ
741 901 863 983 ὁποίας
891 934 929 979 τε
946 900 1129 1001 Ἑβραίων
1152 903 1271 1005 φυλῆς
1297 901 1316 978 ὁ

217 1021 344 1125 Σωτήρ
372 1030 445 1104 τῶν
469 1029 602 1132 ψυχῶν
628 1027 738 1124 ήμῶν,
767 1027 787 1104 ὁ
815 1024 977 1127 Χριστὸς
1004 1031 1068 1103 τοῦ
1096 1030 1203 1122 Θεοῦ,
1228 1059 1339 1127 προ-5

213 1147 429 1228 ελεῦσεσθαι
459 1149 679 1252 ἐκηρύττετο.
740 1149 894 1253 Πρῶτας
926 1148 963 1229 δέ
992 1150 1057 1233 τὰς
1084 1149 1318 1252 εῦαγγελικὰς

215 1277 372 1378 καὶπερὶ
391 1275 518 1356 τούτου
541 1275 799 1379 παραθήσομαι
818 1275 945 1382 λέξεις,
963 1272 1028 1356 εἶθ’
1050 1273 1175 1378 ὥσπερ
1200 1277 1313 1378 ἁρμο-

215 1402 310 1484 νίους
328 1407 535 1507 σφραγῖδας
553 1401 618 1488 τὰς
640 1402 865 1509 προφητικὰς
890 1405 1011 1486 αὐταῖς
1034 1400 1197 1502 ἐπιθήσω
1220 1436 1313 1504 μαρ-

214 1527 347 1628 τυρίας.
397 1529 446 1608 ‘O
464 1528 529 1626 μέν
555 1531 616 1609 οῦν
643 1535 831 1614 Ματθαῖος
857 1527 924 1610 ὧδε
948 1529 1012 1609 τὸν
1039 1527 1204 1632 Χριστὸν
1225 1529 1317 1608 κατὰ

213 1649 335 1753 σάρκα
353 1662 572 1755 γενεαλογεῖ·
1327 1689 1357 1723 ¹0

265 1793 397 1882 Βίβλος
422 1796 576 1888 γενέσεως
591 1796 702 1880 Ἰησοῦ
727 1797 896 1894 Χριστοῦ,
922 1801 989 1868 υίοῦ
1015 1796 1138 1886 Δαβίῦ,
1165 1801 1231 1868 υἱοῦ
1254 1797 1316 1866 Ἀ-

213 1907 343 2005 βραᾶμ.
395 1910 561 2008 Ἀβραὰμ
585 1914 737 2004 ἐγέννησε
752 1911 814 1984 τὸν
837 1911 963 1994 Ἰσαὰκ,
982 1911 1098 1986 Ἰσαὰκ
1116 1912 1150 1986 δὲ
1166 1915 1341 2007 ἐγέννησεθ

213 2023 275 2095 τὸν
293 2024 426 2112 Ἰακὼβ,
445 2027 569 2114 Ἰακιῦβ
586 2027 620 2098 δὲ
637 2029 787 2121 ἐγέννησε
803 2026 863 2098 τὸν
881 2027 1014 2100 Ἰούδαν·

171 2159 274 2239 sarai
292 2155 337 2234 τὰ
359 2157 451 2262 ἑξῆς.
509 2158 658 2264 Συνᾴδει
677 2158 714 2237 δὲ
732 2159 827 2265 αὐτῷ
846 2161 903 2237 καὶ
922 2161 942 2238 ὁ
961 2157 1168 2243 ἀπόστολος
1187 2160 1316 2260 λέγων,

213 2281 403 2388 ἀφωρίσθαι
423 2291 470 2368 εἰς
487 2284 686 2386 εὐαγγέλιον
705 2287 790 2363 Θεοῦ
814 2286 830 2364 ‘i
856 2287 1154 2394 προεπηγγείλατο
1175 2279 1233 2365 bb
1256 2285 1317 2364 τῦν

213 2407 389 2513 προφητιῦν
419 2405 524 2490 αὑτοῦ
549 2418 578 2488 ἐν
605 2414 763 2518 γραφαῖς
791 2413 912 2511 ἁγίαις
940 2416 1011 2515 περὶ
1040 2413 1095 2490 τοῦ
1121 2412 1186 2490 οἱοῦ
1217 2412 1339 2488 αῦτοῦε

213 2536 269 2614 τοῦ
281 2533 449 2638 γενομένου
464 2537 503 2615 εἰι
522 2535 717 2642 σπέρματος
732 2532 858 2628 datad
874 2535 969 2616 κατα
987 2535 1110 2642 σοίριια.
1140 2534 1318 2614 1Γένοιντο

214 2659 245 2735 θ
262 2656 306 2736 ἂν
320 2658 503 2764 σύμφωνα
520 2667 632 2738 ταῦτα
647 2667 723 2743 ταῖς
741 2662 852 2743 οὕτως
871 2661 1037 2764 ἐχούσαις
1056 2657 1313 2761 προρρήσεσιν.

606 2830 743 2906 1γίνοιτο]
760 2837 877 2906 γένοιντο
891 2836 923 2890 Ρ.

214 2976 377 3034 hominibus
398 2979 452 3035 hac
470 2979 658 3053 appellatione
671 2979 784 3035 vocari:
807 2979 857 3035 eed
879 2980 1011 3053 quoniam
1030 2998 1088 3036 non
1107 2998 1125 3035 a
1145 2997 1231 3036 nazer
1252 2979 1315 3036 oleo

215 3059 290 3114 hanc
312 3059 435 3116 obtinuit
456 3059 684 3133 appellatIonem,
706 3059 809 3133 quippe
829 3060 876 3134 qui
896 3060 1026 3117 humanae
1050 3059 1153 3117 nulline
1174 3059 1315 3116 unctionis

217 3138 366 3212 indigeret,
381 3157 398 3194 a
411 3139 475 3196 loco
489 3137 636 3196 Nazareth
651 3139 909 3197 denominationem
924 3142 1042 3215 accepit.

258 3217 353 3286 Quum
374 3219 462 3294 igitur
482 3219 543 3276 haec
563 3220 592 3276 in
613 3220 689 3277 hunc
703 3220 818 3276 modurn
833 3229 948 3277 ostensa
961 3222 1027 3286 aiut,
1042 3228 1153 3296 tempue
1171 3221 1232 3294 jam
1253 3239 1316 3277 ease

215 3298 329 3354 videtur
349 3299 497 3373 inspicere,
518 3309 548 3356 et
568 3319 604 3358 ex
621 3318 678 3374 quo
700 3317 814 3375 genere,
837 3308 866 3357 et
888 3320 924 3357 ex
947 3321 1002 3376 qua
1024 3302 1211 3358 Hebraeorum
1230 3300 1315 3363 tribu,

216 3378 373 3435 animarum
395 3387 556 3436 nostrerum
579 3379 711 3437 Salvator
730 3379 861 3437 Christus
875 3381 929 3438 Dei
947 3382 1110 3455 proditurus
1126 3380 1315 3435 nunciaretur.

216 3457 360 3516 Caeterum
373 3459 427 3516 hac
442 3460 477 3516 de
492 3479 522 3516 re
537 3461 659 3535 primum
674 3461 760 3516 verba
774 3461 867 3517 citabo
882 3461 1053 3536 evangelica,
1068 3459 1170 3516 deinde
1181 3467 1316 3532 tanquam

216 3546 299 3595 notae
323 3548 407 3614 atque
430 3541 630 3616 impressiones
657 3541 781 3597 maxime
808 3541 1045 3607 accommodatas,
1067 3537 1233 3613 prophetica
1261 3537 1317 3594 illia

216 3619 371 3695 adjungam
391 3620 562 3677 testimonia.
604 3620 761 3678 Matthaeus
782 3639 852 3696 ergo
873 3620 979 3677 Christi
1000 3637 1091 3695 genua
1107 3619 1258 3692 (quatenus
1279 3617 1316 3674 ad

216 3698 370 3756 humanam
392 3702 453 3776 ejus
470 3709 601 3758 naturum
621 3703 756 3776 pertinet)
775 3702 807 3757 in
826 3701 902 3758 hunc
921 3701 1039 3757 modum
1057 3697 1209 3757 describit:
1232 3697 1315 3754 Liber

213 3783 396 3852 generationis
408 3783 472 3838 Iesu
490 3783 600 3847 Christi,
608 3783 667 3858 filii
681 3781 784 3846 Dauid,
796 3780 857 3858 fitia·
870 3782 1022 3839 Abraham.
1067 3779 1208 3837 Abrabam
1220 3781 1316 3853 parauit

218 3859 404 3925 1οοαε,Ιτααο
424 3869 515 3919 autem
536 3863 628 3937 permit
641 3861 734 3930 Jacob,
748 3863 833 3919 Jacob
854 3872 945 3920 autem
965 3865 1059 3939 praeit
1072 3862 1182 3926 Jadmn,
1201 3867 1229 3915 et
1252 3877 1315 3934 quae

216 3948 381 4014 sequuntur.
425 3942 501 3998 Huic
516 3960 583 3998 vero
598 3943 743 4017 apostolus
757 3961 869 4017 quoque
883 3943 1046 4008 concordat,
1060 3941 1108 4017 qui
1130 3940 1207 4005 dicit,
1222 3959 1316 4014 segra.
1349 3951 1410 3993 Rom.
1421 3963 1440 3999 ι,
1451 3961 1469 3990 ι.

213 4028 312 4091 gutum
325 4039 353 4077 ςο
367 4041 423 4078 erae
436 4025 465 4078 in
482 4023 652 4098 euanpelium
667 4023 733 4088 Dei,
748 4027 820 4098 quod
840 4031 903 4081 autc
920 4027 1083 4096 ρτοοιίεοτοι
1103 4041 1152 4098 ρετ
1168 4021 1316 4098 prophetat

215 4117 277 4156 ιυοι
290 4104 318 4156 in
331 4105 476 4176 scripturis
488 4106 590 4160 eunctis
610 4105 643 4159 de
657 4102 722 4177 filio
742 4121 800 4171 οαο,
815 4106 862 4176 qui
874 4103 971 4179 sactae
991 4113 1032 4161 eet
1054 4104 1205 4160 arsemina
1220 4101 1318 4158 Dauid

214 4183 353 4238 secundum
376 4201 494 4240 cornua.
538 4182 654 4240 Fuerint
679 4201 746 4239 vero
768 4183 829 4240 haec
853 4193 1043 4241 consentanea
1066 4183 1108 4248 iia,
1135 4201 1196 4257 quae
1221 4183 1261 4238 ita
1284 4199 1315 4236 ee

214 4259 330 4328 habent,
345 4262 475 4320 oraculis.

723 4377 804 4416 ΑΗ
