3130 4722
254 265 319 332 716
702 261 887 326 uuonan
1331 259 1512 341 μημ-

251 431 354 512 aaa&
378 433 416 511 e're
440 435 493 512 roi]
513 434 607 512 Θεοῦ.
658 427 815 511 Τούτους·
841 429 902 508 οῦν
928 426 986 508 διὰ
1012 431 1076 525 τῆς
1098 435 1161 505 τοῦ
1186 430 1352 528 Χριστοῦ

252 556 415 657 κλήσεως
453 557 516 636 τὸν
551 560 589 635 ἐν
627 561 772 662 κρυπτῷ
805 553 976 634 Ἰουδαῖον
1014 556 1071 632 καὶ
1107 552 1170 631 τὸν
1207 555 1353 650 ἀληθῶς

250 682 403 785 Ἰσραήλ
436 684 610 785 φέροντας
643 681 749 787 ἑτέριρ
780 683 872 785 φησὶ
908 677 1160 778 κληθήσεσθαι
1193 677 1349 776 ὀνόματι,

251 811 329 912 οὐχὶ
359 808 396 887 δέ
428 816 479 915 τῷ
506 816 570 887 τοῦ
590 809 774 896 Ἰουδαίου,
795 807 876 886 οῦδὲ
902 813 954 913 τῷ
982 814 1046 884 τοῦ
1067 803 1232 907 Ἰσραήλ,
1249 802 1350 883 ἀλλὰ

211 934 343 1040 ιτξένιρ
369 940 436 1013 τινὶ
465 934 564 1036 παρὰ
591 943 715 1012 ταῦτα.
769 939 888 1012 Τοῦτο
913 931 984 1034 γάρ
1003 939 1097 1036 φησι
1120 931 1162 1010 τὸ
1187 930 1312 1029 ὄνομα,
1329 927 1390 1023 irp-
1401 959 1480 1025 359

251 1063 397 1140 καλέσει
430 1059 556 1143 αὐτοὺς
587 1061 719 1162 Κύριος
745 1055 966 1163 Ἰωσεδειιιὶμ,
996 1059 1084 1160 ὅπερ
1115 1057 1347 1159 ἑρμηνεύεται,

252 1199 278 1267 oi
301 1192 355 1268 τοῦ
374 1191 459 1268 Θεοῦ
483 1183 617 1267 δίκαιοι.
666 1188 866 1291 Ἐφίοτημι
889 1183 927 1265 δὲ
953 1185 1091 1285 μήποτε
1114 1183 1348 1282 πεποιημένον

250 1317 329 1393 ἐστὶ
346 1316 502 1413 τοῦνομα
520 1313 592 1394 ἀπὸ
610 1321 673 1392 τοῦ
692 1309 853 1392 οἸοσουέ
871 1313 1103 1410 Ἰωσεδεκεὶμ,
1123 1310 1162 1390 ‘ir
1179 1308 1280 1414 παρὰ
1296 1318 1349 1418 τῷ

252 1446 335 1546 Θεῷ
359 1447 392 1520 oi
419 1450 482 1521 τοῦ
499 1443 622 1540 Ἰησοῦ
646 1442 801 1537 μαθηταὶ
830 1439 1028 1538 κέκληνται,
1045 1439 1129 1540 παρ’
1150 1438 1372 1540 ἀνθρώποιςε

250 1565 316 1663 μέν
348 1566 654 1665 Ἑλληνικώτερον
689 1563 1039 1666 προσαγορευόμενοι
1077 1563 1148 1644 ἀπὸ
1185 1567 1247 1661 τῆς
1284 1571 1349 1641 τοῦ

251 1697 414 1793 Χριστοῦ
433 1693 671 1792 παρωνυμίας,
690 1692 781 1770 κατὰ
803 1690 842 1770 δὲ
864 1690 931 1790 τήν
948 1692 1128 1792 Ἑβραίων
1147 1689 1272 1795 φωνήν
1291 1693 1347 1769 καὶ

250 1817 349 1921 παρὰ
374 1819 492 1902 αὐτοῖς
510 1825 602 1900 8τοῖς
619 1816 830 1924 προφήταις,
849 1817 921 1898 ἀπὸ
940 1826 1003 1898 τοῦ
1021 1820 1155 1918 Ἰησοῦ,
1174 1820 1223 1900 ὡς
1241 1815 1286 1898 ἂν
1304 1818 1345 1895 δι’

210 1946 359 2029 namon
376 1945 616 2044 σεσωσμένοι,
628 1944 848 2051 Ἰατεδεκείμ
892 1946 962 2025 Διὸ
980 1943 1155 2040 λέλεκται,
1178 1954 1237 2025 καὶ
1257 1946 1349 2024 ταῦτα
1363 1983 1392 2017 ιο

251 2073 286 2150 τὶ
324 2075 427 2176 ἴνομιι
456 2076 471 2153 ‘i
508 2070 649 2151 καλέσει
683 2071 800 2156 αὐτούς
836 2073 958 2177 Κύριος,
979 2067 1191 2172 Ἰωσεδλιιδμ
1221 2073 1251 2148 ὲν
1283 2074 1381 2152 τιῖςδ

250 2203 448 2304 προφήταις.
506 2199 555 2277 ‘O
579 2197 622 2295 δή
648 2199 710 2276 οὖν
734 2197 881 2295 μέλλων
906 2201 1000 2302 φησὶ
1027 2197 1085 2276 διὰ
1113 2205 1177 2276 τοῦ
1200 2201 1344 2301 προφη-

249 2323 436 2424 τευομέυου
454 2323 541 2408 λαὸς
558 2322 650 2403 κατὰ
669 2323 825 2402 διάνοιαν
839 2323 975 2407 Ἰούδας
993 2324 1089 2407 ὅντες
1108 2326 1166 2402 καὶ
1184 2321 1348 2424 Ἰσραήλ,

249 2450 563 2549 ὀνομασθήσονται
582 2447 654 2528 ἀπὸ
672 2459 735 2530 τοῦ
750 2447 907 2528 ¹²’lunoni
917 2451 1149 2546 Ἰωσεδεκεὶμ,
1161 2452 1219 2528 καὶ
1233 2447 1373 2554 τούτῳς

248 2608 301 2675 γε,
322 2580 425 2680 φησὶ,
446 2574 690 2676 κληθήσονται
708 2580 759 2681 τῷ
781 2573 1011 2678 προσρήματι
1035 2577 1076 2654 οῦ
1099 2576 1183 2677 παρ’
1204 2573 1342 2676 ἀνθρώ·

248 2735 340 2799 ποις,
354 2700 455 2782 ἀλλὰ
471 2704 554 2805 παρ’
569 2703 666 2807 αύτῷ
684 2708 734 2808 τῷ
753 2707 846 2808 Θεῷ,
860 2705 918 2780 καὶ
936 2699 1035 2804 παρὰ
1053 2707 1126 2784 τοῖς
1143 2699 1348 2807 προφήταις

209 2831 367 2910 ωαῦτοῦ.
416 2832 620 2928 Ἐπιμελῶς
637 2828 709 2930 γὰρ
727 2826 887 2932 πρόσχες
904 2835 957 2934 τῷ
975 2827 1075 2934 λόγῳ
1096 2825 1266 2932 φήσαντι,
1286 2838 1369 2922 καὶ,

249 2957 338 3034 τοῦτο
367 2955 402 3034 τὶ
432 2957 588 3056 ῦνιμα,“ἳι
620 2952 758 3034 καλέσω
788 2953 904 3038 αὐτοῦς
935 2951 1058 3061 Κύριος,
1079 2949 1290 3058 Ἰωσεδειιεὶμ
1318 2954 1347 3032 ἐν

282 3131 425 3186 ε’Ῑοιισουὲ
440 3131 471 3186 P.
556 3127 662 3187 flom.
679 3133 710 3188 Ρ.
795 3147 812 3192 ἕ
825 3133 891 3206 τοῖς]
910 3133 1018 3189 καὶτοῖς
1033 3133 1061 3186 S.
1144 3127 1267 3186 hierone*
1282 3133 1312 3186 Ρ.

248 3277 336 3333 lsrael
349 3275 503 3334 referentes
517 3277 572 3334 alio
586 3278 701 3334 nornine
715 3296 778 3335 esee
793 3277 935 3334 vocandos
949 3277 1026 3345 dicit,
1042 3295 1100 3333 non
1119 3277 1216 3351 utique
1229 3276 1249 3333 J
1251 3277 1346 3332 ndreoe

247 3365 295 3414 aut
310 3357 406 3424 lerael,
423 3358 473 3414 aed
486 3377 562 3414 novo
577 3359 698 3432 quodam
713 3357 900 3433 praeterhac.
936 3357 1000 3414 Hoc
1015 3358 1099 3420 enim,
1114 3357 1214 3431 inquit,
1230 3375 1346 3424 nornen,

247 3457 302 3514 quo
316 3438 429 3495 vocabit
442 3457 491 3496 eoa
506 3437 647 3495 Dominae
661 3441 818 3503 sonuerim,
833 3439 909 3512 quod
923 3456 959 3494 ex
979 3439 1211 3512 interpretatione
1232 3447 1286 3502 eat.
1302 3439 1347 3510 qai

240 3522 313 3589 justi
332 3527 395 3576 runt
411 3519 474 3575 Dei.
519 3519 675 3576 Considera
697 3528 792 3575 autem
811 3539 879 3576 num
900 3519 1018 3575 forsitan
1040 3518 1161 3575 aJoeue
1181 3519 1287 3574 laetum
1309 3517 1346 3574 sit

246 3619 360 3664 nomen,
386 3607 415 3656 et
436 3598 596 3656 Joaedeeim
623 3598 751 3673 discipuli
774 3599 843 3655 Jesu
872 3598 1048 3673 appellentur
1075 3600 1148 3672 apud
1171 3598 1274 3662 Deum,
1298 3597 1346 3671 qui

247 3681 321 3753 apud
335 3680 464 3736 homines
478 3679 590 3754 quidem
606 3680 709 3736 Graeco
723 3679 845 3753 quodam
859 3696 938 3735 more
953 3699 969 3735 a
984 3679 1098 3735 Christo
1117 3679 1345 3742 denominentur,

248 3759 388 3816 Hebraico
402 3769 496 3816 autem
510 3760 680 3832 linguatam
696 3759 769 3832 apud
784 3759 861 3832 ipsos
875 3779 960 3832 qnam
974 3759 1047 3833 apud
1063 3759 1216 3833 prophetas
1233 3758 1269 3814 ab
1283 3759 1345 3832 ipen

246 3837 315 3895 Jesu
330 3848 463 3913 tanquam
479 3839 621 3914 perillum
636 3839 739 3895 servati
752 3840 912 3896 Joredeeim.
955 3839 1000 3895 Ex
1019 3857 1074 3913 qno
1089 3839 1157 3895 illud
1171 3839 1277 3895 dictum
1292 3847 1344 3903 est,

197 3923 202 3937 '
251 3919 286 3973 Et
298 3919 348 3973 λοι·
361 3937 455 3976 nomen
465 3939 518 3994 ηυο
531 3919 637 3975 vocabit
651 3937 695 3974 eoa
705 3920 840 3976 Dominus
849 3922 997 3975 Joaeeleer'rn
1008 3923 1078 3975 inter
1090 3920 1245 3994 prophetoe.
1268 3919 1344 3974 Nam

247 3997 294 4070 qui
310 3997 370 4069 ejus
385 3998 420 4054 de
434 4018 490 4072 quo
505 3999 652 4074 prophetia
665 3999 798 4072 loquitur,
813 4000 912 4074 inquit,
928 3999 1047 4074 populus
1066 3999 1177 4056 futurus
1191 4007 1243 4062 est,
1258 4017 1344 4072 quum

247 4077 281 4132 ad
307 4093 420 4132 sensum
443 4089 574 4154 aceeptus
594 4079 684 4135 Judaa
707 4079 745 4136 eit
763 4087 847 4153 atque
868 4079 965 4144 lsrael,
983 4080 1019 4136 ab
1039 4079 1128 4136 Joaue
1152 4079 1345 4135 nominabitur

245 4153 416 4220 Joeedeeim,
445 4167 528 4230 atque
553 4159 615 4221 hae,
637 4160 737 4232 inquit,
767 4160 954 4233 appellatione
981 4160 1157 4216 vocabuntur
1184 4178 1241 4216 non
1270 4159 1343 4232 apud

247 4232 385 4295 homines,
401 4236 450 4290 sed
472 4238 545 4307 apud
562 4237 665 4302 Deum,
684 4249 713 4294 et
734 4241 807 4312 apud
830 4241 983 4314 prophetae
1005 4241 1074 4312 ejus.
1118 4239 1247 4295 Attende
1269 4239 1343 4296 enim

246 4311 396 4384 diligenter
421 4312 510 4385 ipsum
533 4315 685 4380 oraculum,
709 4317 776 4372 dum
796 4318 843 4380 ait.
862 4321 898 4373 Er
913 4321 963 4374 λου
979 4337 1084 4382 nomen,
1099 4337 1152 4391 ηιιο
1172 4319 1279 4374 uocabit
1300 4337 1345 4374 eor
