3142 4720
264 263 329 325 ses
709 267 895 333 susurru
1342 293 1373 356 p.
1386 284 1508 354 257-

263 437 328 508 τοῦ
349 431 611 529 σημαινομένου
631 439 820 531 ποιεῖσθαι,
840 433 899 514 ὅτε
916 433 1080 532 μάλιστα
1099 433 1158 513 διά
1175 441 1250 514 τῶν
1265 434 1358 538 πρό·

263 560 353 634 σθεν
381 558 418 634 ἐν
445 557 634 660 ἀνθρώπου
661 565 786 664 μορφῇ
813 563 871 638 καὶ
897 557 1058 664 σχήματι
1080 567 1154 642 τοῖς
1176 563 1272 667 ἀμφὶ
1298 559 1361 640 τὸν
1372 595 1403 632 10

262 681 433 784 Ἀβραὰμ
450 684 660 788 θεοφιλέσιν
678 686 698 762 ὀ
718 685 811 769 Θεὸς
825 684 946 786 Λόγος
964 687 1016 766 ἐπ’
1032 683 1206 784 ὀνόματος
1227 687 1387 789 Κυρίουο

262 810 321 886 καὶ
340 813 436 888 Θεοῦ
456 807 592 914 πέφηνε
616 809 681 892 τὰς
702 815 750 893 εἷς
771 809 979 913 ἀνθρώπους
1004 811 1182 893 ὀπτασίας
1205 846 1358 912 πεποιη·

240 931 376 1030 ιμένος.
433 933 525 1037 Φέρε
550 935 612 1014 οὖν
637 935 775 1034 ἴδωμεν,
795 935 892 1019 ὅπως
913 935 1000 1016 ποτέ
1024 935 1091 1034 μέν
1117 936 1252 1038 Κύριον
1275 936 1362 1017 ποτὲ

263 1057 301 1135 δὲ
324 1056 419 1138 Θεὸν
446 1059 720 1159 καταβήσεσθαι
748 1068 797 1145 εἱς
821 1061 1029 1162 ἀνθρώπους
1054 1063 1113 1140 καὶ
1137 1059 1250 1140 πάλιν
1276 1063 1384 1144 ἀνα-5

260 1181 445 1282 βήσεσθαι
458 1187 614 1287 ἐναργῶς
628 1188 739 1269 οὕτως
751 1185 1005 1292 προαναφωνεῖ
1019 1185 1064 1265 τὰ
1078 1187 1162 1289 παρ’
1178 1185 1362 1287 Ἑβραίοις

262 1306 380 1410 λόγια,
399 1312 457 1388 καὶ
485 1310 549 1394 τοὶς
576 1345 619 1412 γε
644 1313 757 1395 αἰτίας
784 1315 847 1410 τῆς
869 1311 1031 1391 καθόδου·
1061 1311 1250 1416 σημειώσῃ
1268 1313 1297 1389 δ
1314 1309 1362 1396 ὥς

262 1467 342 1511 τινα
368 1432 433 1531 μέν
460 1434 596 1537 εἴρηται
623 1437 665 1514 δι’
685 1436 912 1538 αἰνιγμάτων,
930 1436 1011 1515 τινά
1038 1436 1076 1516 δέ
1102 1435 1357 1543 φανερώτερον.

237 1557 322 1636 3Τά
345 1555 411 1658 μέν
437 1560 499 1638 οὖν
522 1561 566 1639 δι’
584 1561 806 1667 ἐπικρύψεως
830 1564 983 1664 ἡγοῦμαι
1007 1569 1080 1641 τῶν
1103 1563 1142 1640 ἐκ
1168 1567 1361 1664 περιτομῆς
1371 1602 1402 1636 ιο

261 1685 362 1762 ἕνεκα
389 1685 660 1784 κεκαλυμμένους
687 1685 938 1784 ἀποδεδόσθαι,
964 1687 1022 1767 διά
1049 1687 1096 1765 τδι
1123 1684 1392 1790 θεσπιζόμεναδ

261 1812 337 1888 κατ’
358 1812 474 1889 αὐτῶν
498 1811 707 1913 σκυθρωποί·
738 1813 781 1891 δι’
801 1813 892 1916 ἅπερ
916 1812 1007 1897 εἰκὸς
1029 1812 1074 1911 ἧν
1101 1817 1160 1894 καὶ
1183 1817 1359 1921 ἀφανίσαι

261 1933 389 2019 αὐτοὺς
409 1933 475 2035 τήν
498 1936 655 2042 γραφὴν,
674 1943 703 2017 εί
729 1941 767 2016 έκ
792 1947 856 2018 τοῦ
879 1946 1089 2046 προφανοῦς
1113 1939 1178 2041 τὴν
1203 1939 1360 2046 ἐσχάτην

262 2065 380 2142 αὐτῶν
397 2062 588 2162 ἀποβολὴν
605 2063 809 2164 ἐσήμαινεν·
840 2066 951 2148 οὕτως
975 2075 1064 2168 γοῦν
1081 2068 1141 2145 καὶ
1168 2073 1243 2150 τοῖς
1270 2101 1359 2169 προ-

261 2188 392 2296 φήταις
421 2192 539 2274 αὐτοῖς
569 2193 823 2286 ἐπιβουλεῦσαι
849 2189 977 2275 αὐτοὺς
1004 2191 1140 2297 κατέχει
1167 2190 1290 2294 λόγος,
1313 2195 1382 2276 δίε

238 2315 323 2399 4οὓς
358 2319 541 2396 ἐποιοῦντο
577 2318 652 2396 κατ’
682 2319 798 2396 αὐτῶν
829 2316 1014 2423 ἐλέγχους.
1072 2323 1120 2397 Αἱ
1156 2317 1195 2397 δέ
1227 2325 1358 2424 σαφεῖς

260 2448 474 2548 προφητεῖαι
486 2440 552 2541 τὴν
565 2449 637 2522 τῶν
652 2445 763 2522 ἐθνῶν
777 2447 910 2538 κλῆσιν
927 2441 1125 2524 λευκότατα
1142 2444 1357 2549 περιέχουσι,

260 2575 334 2647 τῶν
357 2569 433 2647 κατ’
451 2569 633 2664 εὐσέβειαν
657 2572 804 2670 ἀγαθῶν
822 2568 886 2653 τὰς
902 2571 1119 2671 ἐπαγγελίας
1138 2571 1180 2648 οὐ
1196 2576 1249 2676 τῷ
1268 2572 1359 2650 ’Iov-

261 2695 369 2773 δαίων
406 2694 506 2791 ἔθνει,
535 2701 629 2774 πᾶσι
656 2691 694 2772 δὲ
726 2694 925 2796 ἀνθρώποις
957 2702 1031 2779 τοῖς
1064 2696 1146 2776 καθ’
1175 2694 1265 2794 ὅλης
1296 2699 1359 2794 τῆς
1369 2741 1400 2776 ιο

260 2860 367 2919 referre
385 2870 516 2936 oporteat
534 2862 562 2920 id
584 2863 661 2938 quod
681 2861 911 2938 significavimus,
927 2882 1014 2938 quum
1034 2882 1085 2938 per
1106 2882 1140 2921 eu
1157 2863 1282 2922 menime
1296 2882 1358 2939 quae

261 2952 345 3000 entes
368 2942 445 3000 diets
468 2951 535 2999 suut
557 2943 822 3008 demonstravimus,
845 2943 937 3000 Deum
962 2944 1099 3012 Verbum,
1122 2944 1221 3001 habitu
1243 2944 1358 3018 quidem

260 3022 407 3096 formaque
425 3022 556 3088 hominis,
577 3023 692 3080 nornine
709 3041 777 3080 vero
798 3023 915 3080 Domini
935 3042 969 3080 nc
987 3024 1051 3091 Dei,
1066 3032 1095 3082 et
1113 3024 1166 3099 ipsi
1183 3025 1307 3083 Abrshae
1328 3032 1358 3082 et

261 3103 371 3159 caeteris
385 3102 439 3160 Dei
459 3103 557 3160 amicis
574 3104 650 3170 viris,
665 3104 713 3177 qui
729 3103 852 3160 Abrnhoe
873 3111 1043 3178 tempestate
1063 3104 1219 3174 floruerint,
1235 3105 1358 3179 seipsum

260 3182 415 3239 videndum
435 3183 596 3256 praebuisse.
637 3183 703 3240 Jam
718 3202 794 3240 nunc
813 3183 901 3259 igitur
914 3192 1026 3258 tempus
1040 3194 1084 3242 est
1098 3193 1130 3241 ut
1143 3185 1288 3242 videamus
1303 3203 1359 3259 qus

260 3262 371 3319 ratione
395 3281 471 3318 nuno
493 3262 649 3320 Dominum
673 3281 749 3319 nuno
772 3264 864 3320 Deum
887 3264 924 3320 nd
947 3264 1077 3322 homines
1101 3264 1304 3322 descensurum
1329 3272 1358 3322 et

260 3361 359 3399 rursus
373 3360 554 3399 ascensurum
572 3352 632 3400 tem
651 3343 796 3400 evidenter
810 3343 998 3402 Hebrreorum
1017 3345 1131 3402 orsculs
1149 3345 1226 3418 prius
1247 3345 1357 3401 denun-

260 3422 403 3489 tiaverint,
419 3430 448 3479 et
463 3441 593 3496 quaensm
606 3423 724 3497 hujusce
739 3423 891 3480 descensus
908 3443 1000 3482 csusae
1017 3424 1139 3482 fuerint:
1161 3425 1275 3481 temetsi
1289 3422 1358 3480 illud

259 3503 313 3560 tibi
333 3503 490 3560 notandum
507 3512 559 3570 est,
574 3503 629 3560 slis
650 3502 763 3578 quidem
785 3504 940 3572 obscurius,
955 3505 1010 3562 elin
1025 3514 1120 3562 sutem
1137 3505 1261 3579 apertius
1282 3504 1359 3560 diets

260 3582 388 3640 inveniri.
430 3584 527 3658 Atque
540 3603 596 3660 ego
610 3583 723 3658 quidem
737 3583 858 3640 arbitror
874 3585 1028 3642 occultiore
1045 3586 1093 3642 ills
1111 3593 1227 3659 propter
1239 3583 1357 3640 Judaeos

259 3664 301 3720 its
313 3664 438 3722 involute
453 3673 537 3740 atque
548 3664 682 3739 implicite
695 3663 806 3721 redditu
816 3682 887 3730 esse,
899 3665 974 3738 quod
982 3665 1112 3722 videlicet
1122 3664 1214 3721 tristis
1228 3664 1357 3738 quedam

258 3743 289 3799 in
309 3744 363 3799 illis
384 3753 483 3800 eontra
502 3745 579 3818 ipsos
599 3751 776 3810 canerentur,
792 3743 829 3799 ob
848 3763 910 3818 quse
927 3745 1078 3803 verisimile
1098 3745 1152 3802 fuit
1170 3745 1248 3819 ipsos
1268 3744 1356 3801 uboli-

257 3831 338 3880 turos
359 3823 573 3898 perditurusque
592 3824 681 3881 fuisse
702 3824 878 3898 scripturam.
894 3824 917 3880 si
937 3835 1033 3900 aperte
1050 3834 1211 3882 extremum
1231 3824 1357 3899 ipsorum

258 3902 404 3959 interitum
432 3903 638 3978 significasset:
674 3904 714 3961 sic
741 3922 809 3960 sane
838 3904 924 3961 etiem
950 3905 1097 3981 prophetis
1124 3905 1242 3962 infestos
1270 3905 1357 3961 fuisse

258 3982 403 4039 memoriae
411 3983 554 4056 proditum
562 3995 615 4050 est,
626 3993 776 4059 propterea
784 3985 859 4058 quod
870 3986 905 4043 sb
915 3986 970 4043 illis
980 3985 1261 4060 reprehenderentur.
1284 3985 1356 4054 Quae

258 4081 326 4119 vero
349 4063 472 4138 apertius
492 4063 645 4138 loquuntur
665 4065 829 4139 prophetie,
853 4066 942 4123 abiis
964 4066 1061 4141 utique
1084 4065 1213 4142 gentium
1234 4064 1355 4129 vocatio,

258 4143 342 4199 nullis
356 4143 482 4201 involuta
496 4144 721 4210 obscuritatibus,
736 4146 914 4203 continetur:
933 4148 1095 4220 eaedemque
1109 4146 1250 4203 bonorum
1263 4163 1326 4219 quae
1340 4161 1358 4200 e

258 4222 362 4296 pietate
377 4223 593 4298 proficiscuntur
605 4225 815 4299 promissiones,
824 4244 881 4282 non
897 4226 945 4282 uni
954 4227 973 4284 J
975 4227 1079 4284 udeicse
1094 4227 1183 4301 genti,
1198 4225 1249 4282 sed
1263 4224 1355 4281 omni-

258 4303 310 4360 bus
325 4323 375 4379 per
389 4313 480 4362 totum
495 4314 633 4363 terrerum
654 4306 751 4363 orbem
770 4305 939 4371 hominibus,
956 4307 1132 4364 denuntiant.
1175 4306 1248 4375 Quae
1270 4323 1357 4378 quurn
