3142 4720
278 187 343 249 554
725 185 910 250 EUSEBII
1354 209 1388 272 p.
1402 204 1530 268 275·-

278 343 355 414 είναι
379 347 411 414 ἐν
433 344 583 441 χιλιάσιν
599 346 714 432 Ἰούδα,
732 349 766 416 ἐκ
790 354 853 418 σοῦ
877 378 932 431 μοι
959 344 1162 440 ἐξελεύσεται
1188 346 1400 439 ἧγοιίμενος,5

278 465 341 529 τοῦ
366 458 442 530 εἶναι
468 464 511 537 εἷς
533 459 684 558 ἄρχοντα
711 463 743 532 ἐν
767 469 816 553 τῷ
839 463 990 557 Ἰσραὴλ,
1007 465 1059 534 καὶ
1087 465 1121 532 οἵ
1144 459 1254 555 ἔξοδοι
1277 463 1376 534 αὐτοῦ

279 573 336 644 ἆτ’
349 574 452 670 ἆρχῆς
468 573 507 669 ἐξ
522 579 643 671 ἡμερῶν
660 579 781 654 αι’ῶνος.

241 734 271 770 2²
333 705 538 802 Ἐπιμελῶς
574 704 611 785 δὲ
643 704 812 809 πρόπχες,
845 706 925 784 τίνα
954 703 1088 809 τρόπον
1119 715 1183 786 τοῦ
1219 710 1277 786 ἐπὶ
1307 705 1374 806 τὴν

280 829 455 929 Βηθλεὲμ,
477 831 623 935 (χωρίον
647 831 694 910 δέ
710 833 790 910 ἐστι
814 839 919 910 τοῦτο
944 836 1007 930 τῆς
1025 834 1224 940 Ἰουδαίας)
1252 841 1371 938 φανη-

278 955 432 1054 σομένου
457 954 521 1039 τὰς
547 952 691 1061 ἐξόδους
714 956 850 1036 ἄνωθεν
875 959 934 1036 καὶ
959 957 1003 1063 ἐξ
1027 963 1152 1041 αἰῶνος
1177 957 1373 1063 ὑφεστάναι
1386 990 1421 1026 ιο

279 1084 383 1186 φησὶ,
412 1079 477 1179 τὴν
503 1081 622 1160 ἔνθεον
649 1086 770 1182 δηλῶν
796 1080 1022 1188 προῧπαρξίν
1050 1117 1088 1162 τε
1116 1087 1174 1163 καὶ
1200 1085 1374 1163 οὐσίωσιν

279 1215 342 1285 τοῦ
360 1210 399 1286 ἐκ
418 1205 583 1306 Βηθλεὲμ
600 1209 907 1309 προελευσορένου
932 1209 1115 1313 ἄρχοντος.
1167 1215 1213 1289 Ei
1229 1207 1295 1309 μὲν
1313 1211 1408 1290 otvb

280 1332 354 1437 ἔχοι
381 1367 434 1417 τις
463 1331 518 1437 ἐφ’
538 1333 657 1436 ἕτερον
685 1335 872 1439 ἀναφέρειν
899 1332 963 1414 τὸν
990 1333 1168 1439 χρησμὸν,
1193 1335 1246 1418 τίς
1273 1335 1376 1420 οὗτος

279 1457 532 1539 ἀποδεικνιίτω·
563 1465 592 1538 εὶ
611 1461 640 1538 δ’
660 1461 724 1540 οὐκ
743 1460 844 1539 ἔστιν
861 1463 973 1564 εὑρεῖν
990 1461 1108 1563 ἕτερον
1126 1470 1190 1540 τοῦ
1209 1467 1376 1566 Σωτῆρος

279 1585 379 1681 ἡμῶν
396 1585 520 1683 Ἰησοῦ
548 1591 722 1688 Χριστοῦ,
748 1583 787 1669 ὃς
811 1585 918 1684 μόνος
945 1585 1035 1686 μετὰ
1062 1587 1128 1686 τὴν
1155 1591 1400 1692 προφητείανς

278 1710 416 1789 ἐνθένδε
444 1711 648 1812 ὡρμημένος
672 1717 810 1806 βοᾶται,
829 1713 867 1789 τί
888 1710 1016 1791 λοιπὸν
1040 1711 1204 1810 ἐμποδὼν
1225 1713 1275 1813 μὴ
1296 1717 1375 1819 οὐχὶ

279 1844 539 1939 συνομολογεῖν
566 1837 737 1938 ἀληθειαν
764 1843 808 1943 τῇ
836 1839 1047 1944 προφητείᾳ,
1069 1841 1126 1918 ε’πὶ
1153 1837 1252 1946 μόνῳ
1279 1843 1376 1948 αὐτῷ

279 1961 502 2068 ἰσαλευοιίοζη
517 1959 583 2064 τὴν
593 1963 794 2067 πρόρρησιν
808 1997 817 2060 ;
846 1961 970 2047 Μόνος
983 1973 1072 2065 γοῦν
1085 1965 1187 2050 οὗτος
1201 1967 1375 2072 ἑπιφωνὴς

277 2093 350 2165 τῶν
377 2085 521 2168 πώποτε
548 2087 705 2189 γεγονὼς
727 2091 765 2167 ἐκ
789 2096 853 2166 τοῦ
878 2089 1131 2196 προειρημένου
1154 2093 1286 2195 χωρίου
1310 2097 1421 2191 virm

279 2211 445 2312 Βηθλεὲμ
468 2211 558 2311 μετὰ
582 2213 664 2297 τοὺς
684 2215 903 2320 προφητείας
921 2214 1070 2318 χρόνους
1088 2214 1130 2295 τὸ
1156 2216 1374 2319 ἀνθρώπειον

280 2338 410 2422 ὑποδὺς
427 2344 555 2444 σχῆμα
571 2339 827 2443 προελήλυθεν,
847 2339 924 2438 ἅμα
942 2375 980 2421 τε
999 2348 1043 2445 τῇ
1063 2344 1172 2421 αι’ποῦ
1193 2342 1403 2448 παρουσίᾳο

241 2501 271 2549 23
280 2465 479 2565 ἐπληροῦτο
496 2463 542 2544 roi
559 2465 858 2570 προηγορευμένα.
909 2468 1044 2546 Αὐτίκα
1061 2476 1151 2569 γοῦν
1169 2471 1226 2547 καὶ
1245 2469 1309 2547 οὐκ
1327 2473 1377 2551 είς

279 2586 417 2691 μακρὸν
439 2595 492 2697 τῷ
515 2589 579 2689 μὲν
598 2593 777 2671 Ἰουδαίων
802 2592 891 2671 ε”θνει
912 2593 1049 2674 ἕκαστα
1066 2600 1139 2672 τῶν
1158 2593 1373 2700 Ιίπροπεφη-

279 2716 454 2820 τευμένιον
478 2723 702 2820 σκυθρωπῶν
726 2715 878 2818 ἀπήντα,
897 2727 970 2804 τοῖς
994 2718 1031 2798 δὲ
1055 2719 1175 2800 ἔθνεσι
1196 2718 1309 2802 πάλιν
1330 2719 1401 2800 τὰς

524 2885 696 2960 ισιιλευοΰση
712 2891 740 2945 S.
839 2885 1086 2963 ιπροφητινρένιιιν
1100 2891 1131 2946 P.

280 3043 307 3091 te
320 3035 386 3092 mihi
398 3035 547 3109 epredietur
561 3037 609 3108 qai
615 3034 720 3111 praerit,
731 3042 762 3091 m
775 3036 810 3091 rit
825 3037 852 3091 ia
865 3034 1014 3108 prinoipem
1029 3034 1058 3090 in
1074 3033 1172 3099 lsrael,
1183 3041 1209 3090 et
1221 3033 1308 3088 exitus
1321 3051 1378 3103 ηας

280 3115 315 3170 ab
328 3115 412 3180 initio,
427 3133 461 3170 eu
481 3114 573 3170 diebus
593 3114 692 3172 roemdi.
736 3115 862 3171 Attende
876 3133 944 3172 vero
963 3113 1121 3188 diligenter,
1137 3113 1376 3188 quemadmodum

279 3196 341 3269 ejus
362 3194 410 3268 qui
430 3193 459 3250 in
474 3194 622 3251 Bethleem
641 3195 678 3252 sit
692 3195 908 3271 conspiciendus
925 3199 982 3264 (est
996 3203 1090 3250 autem
1108 3194 1253 3250 Bethleem
1267 3192 1376 3251 Judaeae

279 3275 371 3346 locus)
383 3274 476 3331 exitus
490 3274 566 3331 dicet
579 3274 700 3348 desuper
713 3283 742 3332 et
756 3295 772 3332 a
786 3275 889 3332 saeculo
903 3275 1044 3332 existere:
1066 3282 1165 3348 utpote
1180 3273 1228 3348 qui
1242 3273 1376 3348 principis

281 3355 316 3412 de
329 3355 476 3412 Bethleem
494 3355 671 3430 progressuri
692 3355 816 3412 divinam
835 3355 959 3412 indicare
978 3355 1045 3412 velit
1062 3355 1227 3411 substantias
1248 3363 1374 3411 anteces-

279 3436 399 3503 sionem,
414 3437 703 3512 propagationemque
716 3455 852 3510 personae.
888 3435 919 3492 Si
934 3435 996 3510 quis
1011 3435 1097 3510 igitur
1111 3435 1217 3508 estqui
1231 3435 1376 3491 oraculum

277 3518 383 3574 referre
396 3517 487 3592 possit
501 3517 538 3574 ad
551 3517 636 3574 elium
651 3517 820 3591 quempiam,
835 3535 871 3574 ne
891 3525 1055 3574 cunctetur=
1084 3517 1187 3590 prodat
1201 3535 1268 3572 sane
1290 3516 1375 3582 huno,

278 3599 408 3672 quisnam
423 3599 467 3656 sit.
493 3598 552 3656 Sed
566 3599 590 3655 si
604 3597 674 3654 alius
686 3605 788 3671 praeter
798 3595 974 3654 Salvatorem
985 3596 1221 3653 nostrumJesom
1230 3596 1376 3654 Christum

278 3678 399 3736 inveniri
418 3698 477 3735 non
497 3687 601 3754 potest,
616 3677 664 3752 qui
679 3678 755 3734 solus
770 3686 835 3751 post
848 3678 934 3733 talem
953 3675 1131 3752 prophetiam
1152 3676 1218 3732 inde
1232 3677 1376 3751 profectus

279 3758 446 3823 celebrator,
462 3759 529 3832 quid
542 3759 659 3816 tandem
672 3757 868 3832 impedimenti
882 3766 1017 3831 superest,
1032 3777 1069 3814 ne
1082 3776 1139 3813 una
1152 3775 1217 3813 oum
1235 3757 1296 3830 ipsa
1309 3775 1376 3830 pro·

278 3837 375 3910 phetia
399 3838 547 3896 veritatem
568 3839 715 3903 fateamur,
737 3857 798 3912 quae
822 3839 852 3895 in
873 3857 962 3894 unum
984 3839 1063 3894 illum
1085 3855 1164 3894 suam
1188 3835 1284 3912 dirigit
1302 3856 1376 3911 prae·

279 3915 453 3974 dictionem?
477 3919 551 3975 Nam
572 3920 648 3976 solus
670 3919 717 3974 ille
738 3918 874 3982 omnium,
894 3919 942 3993 qui
962 3937 1087 3994 unquam
1105 3917 1262 3982 extiterint,
1285 3936 1321 3974 ex
1340 3935 1376 3974 eo

279 3996 426 4054 Bethleem
440 3998 512 4063 loco,
528 3999 563 4055 de
577 4018 633 4073 quo
643 4000 704 4074 jam
718 3998 824 4054 dictum
840 4009 893 4064 est,
903 3999 1051 4056 manifeste
1066 4007 1131 4072 post
1145 3998 1207 4072 ejus
1220 3997 1376 4071 prophetiae

277 4084 407 4151 tempora
427 4078 579 4136 humanam
601 4079 714 4135 subiens
728 4078 849 4134 formam
869 4098 1037 4153 progressus
1052 4087 1105 4148 est,
1120 4087 1205 4154 atque
1223 4077 1299 4135 illico
1320 4097 1377 4134 une

278 4175 342 4212 eum
357 4158 417 4230 ejus
432 4158 555 4214 adventa
566 4177 600 4215 ea
610 4177 672 4231 quae
682 4159 742 4230 jam
755 4159 889 4231 praedicta
902 4159 1014 4216 fuerant
1024 4160 1166 4233 complete
1177 4167 1253 4215 sunt.
1276 4159 1376 4233 ltaque

279 4237 428 4311 evestigio
443 4238 504 4293 sine
517 4255 597 4293 mora
611 4255 784 4310 quaecunque
801 4239 893 4294 tristia
910 4248 938 4296 et
956 4238 1194 4296 infesteJudaicae
1208 4241 1288 4312 genti
1303 4257 1373 4314 prae·
