3130 4722
264 233 328 298 τοι
712 229 897 296 uusnnn
929 297 934 310 ,
1339 221 1511 308 p.378-

223 401 367 481 6υσεως,
396 399 460 470 τοῦ
488 395 654 494 Σωτῆρος
682 391 782 490 ήμῶν
809 390 992 496 ἀποφυγή.
1053 387 1108 468 Τὸ
1139 385 1177 467 δὲ
1205 384 1365 466 ὀκλάσαι

262 518 321 596 καὶ
338 519 554 619 ἑδρασθῆναι
582 515 683 596 ἀλλὰ
699 515 750 616 μή
768 521 994 610 καταπεσεῖν,
1013 517 1103 614 ὁμοῦ
1121 510 1185 594 τόν
1207 510 1364 592 θάνατον
1374 545 1405 579 ¹0

262 641 372 748 ἔδειξε
399 642 458 722 dd
479 651 543 722 τοῦ
570 640 738 739 ὀκλιίσαι,
766 647 824 722 καὶ
851 640 968 740 τὸμὴ
995 643 1216 740 ῦποσυρῆναι
1233 638 1364 736 ὁμοίως

261 774 338 851 ταῖς
362 775 435 847 τῶν
458 775 597 848 λοιπῶν
621 766 819 870 ἀνθρώπων
840 773 977 873 ψυχαῖς
998 765 1057 845 διὰ
1081 773 1144 845 τοῦ
1166 765 1358 867 ήδρῦσθαι.

261 897 388 972 Ταῦτα
410 895 474 990 μὲν
496 897 558 974 οὖν
585 895 704 974 πάντα
730 893 964 996 προαπέκειτο
991 897 1043 998 τῷ
1068 895 1230 996 Χριστῷ·
1259 889 1360 990 πλήν

261 1017 325 1100 ἕως
350 1019 486 1099 οὐδέπω
513 1020 639 1104 τέλους
663 1019 834 1124 ἐτύγχανε
856 1018 898 1098 τό
915 1018 1095 1098 Ἰουδαίων
1112 1013 1400 1115 1’σννειστήκεειε

261 1143 371 1240 ἔθνος,
398 1148 456 1224 καὶ
486 1151 520 1224 oi
547 1145 592 1250 ἐξ
616 1145 733 1226 αῦτῶν
761 1145 930 1249 ἄρχοντες
959 1147 1017 1224 καὶ
1045 1142 1232 1245 ἡγούμενοι
1261 1143 1297 1220 οἵ
1321 1175 1361 1220 τε

260 1268 569 1374 ἐξακριβαζόμενοι
596 1271 660 1354 τὰς
688 1271 784 1354 θείας
810 1277 967 1353 συνετῶς
993 1273 1075 1372 περὶ
1101 1276 1165 1347 τοῦ
1196 1273 1361 1369 Χριστοῦ

223 1399 479 1502 νοπροφητείας
497 1397 684 1500 διίπρεπον
702 1399 740 1476 ἐν
759 1397 890 1480 αὐτοῖς.
948 1397 1052 1474 Ἐπεὶ
1076 1391 1114 1472 δὲ
1136 1392 1290 1492 ἐλήλυθε
1313 1391 1479 1482 trip-379

261 1523 473 1620 ἀποκείμενα
491 1528 541 1628 τῷ
559 1522 687 1627 Ἰούδᾳ,
706 1519 820 1628 ἐφάνη
843 1555 882 1600 τε
911 1523 969 1600 ἐπὶ
993 1525 1061 1622 γῆς
1085 1521 1105 1598 ὀ
1128 1518 1355 1624 προφητευό-

259 1680 364 1744 μενος
387 1650 425 1727 ἐκ
450 1647 657 1750 σπέρματος
680 1651 739 1726 καὶ
763 1656 932 1742 βλαστοῦ
953 1645 1140 1746 γενόμενος
1161 1652 1225 1723 τοῦ
1245 1651 1359 1724 ταῦτα

259 1772 518 1868 τεθεσπικότος,
546 1775 738 1854 ὀναπεσῶν
768 1807 806 1852 τε
838 1777 896 1852 καὶ
925 1773 1111 1870 κοιμηθεὶς,
1139 1769 1162 1870 ἢ
1195 1769 1358 1853 ὀκλάσας

259 1897 349 1976 κατὰ
368 1897 430 1977 τὸν
448 1899 656 2004 Σύμμαχον,
674 1898 840 2002 ήδριίσθη
866 1901 925 1978 καὶ
949 1897 1138 1999 ὀνηγερθη,
1157 1895 1220 1978 τὰς
1238 1903 1381 2001 χεῖραςς

258 2025 366 2104 αὐτοῦ
396 2024 487 2105 κατὰ
519 2025 633 2105 νώτου
664 2031 738 2105 τῶν
768 2024 930 2127 ἀοράτων
961 2028 1019 2104 καὶ
1052 2029 1188 2122 νοητῶν
1218 2023 1357 2126 ε’χθρῶν

257 2151 451 2249 ἐπιβαλὼν,
476 2151 512 2230 οἵ
536 2185 574 2231 τε
599 2154 751 2256 ἀδελφοὶ
779 2152 887 2231 αὐτοῦ
917 2154 975 2230 καὶ
1001 2152 1157 2248 μαθηταὶ
1184 2145 1357 2250 πρότερον

259 2278 481 2359 ἐπαινοῦντες
493 2276 601 2356 αὐτὸν
619 2280 676 2356 καὶ
696 2276 941 2379 θανμάᾷνντεε,
955 2279 1106 2378 ὕστερον
1124 2278 1183 2355 καὶ
1201 2277 1249 2358 ὡς
1263 2273 1357 2353 Θεὸν

259 2401 503 2501 ὡμολόγησαν
531 2399 628 2498 εἶναι,
654 2405 711 2480 καὶ
740 2406 787 2484 ὡς
816 2400 910 2482 Θεὸν
941 2401 1228 2503 προσεκύνησαν,
1255 2433 1355 2500 τηνι·
1369 2435 1402 2472 ιο

257 2534 370 2606 καῦτα
403 2531 602 2629 ἐπληροῦτο
633 2525 679 2607 τὰ
710 2528 924 2623 ἀποκείμενα
955 2528 1060 2632 αὐτῷ,
1089 2530 1138 2609 ὡς
1164 2524 1222 2605 διὰ
1254 2532 1358 2605 τοῦτο

220 2653 466 2754 ηιάνειρῆσθαι
490 2648 542 2747 τό,
563 2651 623 2736 ἵεις
645 2649 690 2730 cir
716 2651 790 2763 ἔλθη
819 2648 867 2730 τόι
891 2654 1102 2755 ἀποκείμενοι
1129 2656 1231 2756 αὐτῷ.
1289 2649 1362 2754 Ἐξ

597 2805 612 2849 Ρ
627 2794 802 2868 συνειστήκει]
820 2795 973 2864 συνεστήκει
988 2796 1019 2849 P.

258 2907 373 2962 nissime
387 2914 504 2980 apparet
516 2906 578 2979 ipsu
592 2905 627 2961 de
641 2913 733 2961 morte
747 2905 784 2961 nd
798 2905 885 2960 vitam
900 2905 1052 2969 restitutio,
1067 2913 1096 2961 et
1110 2905 1146 2961 ob
1160 2904 1257 2961 inferis
1271 2905 1358 2961 veluti

259 3003 277 3040 o
301 2985 421 3059 quadum
449 2986 572 3042 fcturum
599 2993 717 3059 capture
743 2983 899 3042 Salvatoris
923 2986 1014 3041 nostri
1041 2983 1155 3042 evasio:
1187 2985 1263 3058 quod
1289 3003 1356 3040 vero

258 3063 337 3119 illum
352 3064 455 3121 dixerit
468 3072 497 3121 et
511 3083 605 3140 genua
619 3065 730 3121 flexisse
745 3072 774 3121 et
788 3067 987 3121 confirmatum
1004 3083 1074 3129 csse,
1089 3081 1147 3120 non
1168 3073 1263 3122 autem
1284 3063 1357 3121 oeci-

260 3141 344 3206 disse,
366 3144 396 3198 in
419 3163 453 3200 eo
476 3143 590 3218 quidem
615 3145 691 3218 quud
715 3163 809 3218 genus
829 3145 940 3202 flexerit
961 3153 1084 3202 mortem
1104 3145 1218 3200 interim
1239 3145 1358 3201 demon-

260 3221 368 3288 stravit,
387 3224 464 3298 quod
478 3232 572 3281 sutem
587 3225 624 3282 sit
638 3225 830 3291 confirmatus,
844 3244 902 3282 non
915 3233 1058 3299 raptatum
1071 3243 1134 3282 esse
1148 3243 1227 3282 more
1241 3225 1358 3282 oliorum

259 3303 426 3360 animarum.
469 3304 541 3360 Huc
562 3305 651 3378 igitur
671 3305 768 3361 omnin
790 3304 906 3362 Christo
928 3305 1006 3378 prius
1028 3306 1152 3380 reposito
1179 3313 1269 3368 erunt,
1295 3323 1359 3379 quis

259 3391 355 3441 tumen
376 3385 509 3459 quamdiu
531 3385 617 3441 finem
640 3402 722 3441 suum
743 3393 896 3442 consecuto
918 3403 977 3441 non
998 3393 1073 3448 sunt.
1096 3395 1155 3442 tarn
1173 3384 1220 3441 diu
1238 3384 1359 3442 Judsicn

259 3483 331 3540 gens
352 3465 440 3528 stetit,
459 3464 679 3538 Judoeorumqoe
699 3465 841 3540 principes
862 3483 895 3523 ec
916 3464 1002 3522 duces
1023 3465 1210 3539 exquisitique
1231 3483 1264 3522 no
1283 3467 1357 3539 supi·

259 3554 340 3602 entes
354 3545 513 3602 divinorum
527 3544 563 3600 de
577 3543 695 3600 Christo
707 3546 884 3602 oraculorum
898 3545 1067 3620 interpretes
1086 3545 1162 3620 apud
1179 3545 1257 3619 ipsos
1270 3547 1357 3602 floru-

259 3633 350 3682 erunt.
392 3625 546 3700 Postquam
560 3633 655 3681 nutem
670 3633 807 3682 venerunt
821 3643 883 3700 qun
898 3625 950 3698 ipsi
961 3625 982 3681 J
984 3625 1046 3681 udoe
1059 3624 1183 3699 reposita
1196 3633 1358 3690 erantturu

258 3704 283 3761 is
297 3705 326 3762 in
340 3717 417 3762 terro
430 3714 473 3763 ost
487 3705 573 3769 visus,
588 3704 636 3778 qui
658 3722 675 3760 n
695 3705 840 3779 prophetis
859 3705 951 3762 dietus
972 3713 1033 3762 erut
1047 3705 1083 3762 de
1101 3705 1209 3761 semine
1222 3723 1256 3762 sc
1270 3705 1358 3779 stirps

258 3785 320 3859 ejus
341 3786 388 3860 qui
409 3785 470 3842 hoec
490 3785 666 3841 divinaverit
682 3784 815 3850 orituros,
830 3785 1053 3859 recumbensque
1073 3801 1107 3840 sc
1126 3786 1243 3859 sopitus,
1258 3785 1310 3849 rei,
1324 3793 1357 3842 ut

258 3866 297 3922 nit
312 3865 510 3941 Symmachus,
525 3865 645 3940 genibus
664 3863 746 3920 flexis
766 3867 950 3922 confirmatus
971 3875 1015 3921 est
1031 3873 1062 3922 et
1080 3865 1211 3929 surrexit.
1226 3865 1357 3922 menibus

257 3944 287 4000 in
301 3951 414 4019 tergum
429 3945 609 4002 invisibilium
624 3951 708 4018 utque
727 3945 944 4020 intelligibssium
964 3945 1091 4002 hostiurn
1104 3945 1226 4018 injectis,
1239 3946 1357 4020 ejusque

258 4023 407 4080 fruticoso
421 4025 549 4098 discipuli
568 4033 652 4082 nutes
670 4025 748 4081 illurn
769 4025 917 4082 laudantes
934 4033 1018 4099 atque
1033 4025 1214 4091 admirantes,
1229 4034 1295 4100 post
1308 4025 1356 4082 nbi

258 4103 350 4160 Deum
365 4121 427 4160 esse
441 4103 563 4161 confessi
577 4115 652 4170 sunt.
668 4105 752 4162 etium
768 4114 799 4163 ut
816 4105 908 4162 Deum
930 4105 1128 4169 odoraverunt,
1143 4113 1204 4162 tum
1219 4123 1287 4162 vero
1308 4105 1356 4161 ills

257 4183 319 4254 ipso
332 4182 472 4254 complete
486 4193 560 4246 sunt,
575 4203 637 4256 quae
651 4186 704 4257 ipsi
718 4187 844 4258 reposito
857 4194 946 4251 erant,
964 4195 995 4242 ut
1009 4195 1125 4260 propter
1138 4186 1194 4242 hoc
1207 4185 1276 4242 illud
1290 4185 1355 4242 red-

258 4259 348 4314 ditum
373 4259 410 4313 sit
431 4260 583 4322 oraculum,
606 4263 700 4316 Donec
720 4267 829 4319 ueniunt
852 4283 908 4335 ηυιτ
931 4267 1050 4338 reposita
1072 4274 1132 4322 ευιιε
1154 4267 1214 4338 ipsi.
1258 4265 1354 4334 Quum
