3130 4722
241 247 305 311 742
708 243 892 308 EUSEBII
1318 265 1349 326 p.
1362 257 1496 327 373-
1561 269 1562 298 ι

240 405 408 507 ἄρχοντες
445 407 503 483 καὶ
535 402 724 506 ῆγοόμενοι
760 406 827 504 τῆν
859 408 1047 504 Ῥωμαιων
1083 403 1343 509 ἐπιγράφονται

240 531 498 631 προσηγορίαν,
513 532 699 628 Ῥωμαίων
721 565 760 610 τε
784 530 826 610 τό
852 530 981 633 κρότος
1004 530 1264 629 ἐπωνόμασται,
1273 533 1344 620 καὶ

241 656 371 754 ταύτης
387 658 538 762 ἐξῆπται
556 661 620 754 τῆς
634 660 833 757 ἐπωνυμίας
848 658 869 755 ῆ
884 655 1057 736 ικαθόλου
1074 654 1219 736 πόντων
1234 655 1373 760 ἀργρῆῚ)

241 781 304 861 τὸν
322 782 430 861 αὑτὸν
449 782 582 884 τρόπον
601 786 660 862 καὶ
678 786 735 862 ἐπὶ
758 791 831 862 τῶν
849 782 932 863 καθ’
952 785 1143 886 Ἐβραίους
1162 783 1232 887 χρὴ
1251 790 1342 862 νοεῖν

240 905 472 1010 πραγμάτων,
504 914 586 1006 μιᾶς
612 907 679 1007 μέν
708 907 867 990 καθόλου
897 915 960 1008 τῆς
988 918 1052 988 τοῦ
1075 910 1194 988 Ἰούδα
1221 915 1342 1014 φυλῆς

241 1032 333 1111 κατὰ
353 1041 417 1111 τοῦ
437 1031 572 1117 παντὸς
591 1034 712 1119 ἔθνους
733 1035 1074 1141 ἐπιπεφημισμένον,
1091 1043 1164 1114 τῶν
1187 1033 1225 1114 δὲ
1249 1034 1342 1114 κατὰ
1411 1131 1416 1138 η

239 1160 345 1261 μέρος
371 1160 577 1260 ῆγσυμενων
604 1194 643 1239 τε
673 1164 731 1240 καί
760 1163 946 1254 βασιλέων
976 1165 1015 1241 ἐκ
1043 1160 1225 1267 διαφόρων
1247 1169 1365 1242 καθ-5

240 1285 441 1384 ισταμένων
460 1294 598 1393 φυλῶν,
617 1285 775 1368 καθόλου
793 1287 832 1366 δέ
851 1294 896 1392 τῇ
915 1297 979 1368 τοῦ
997 1289 1114 1368 'lodda
1135 1287 1343 1386 τιμωμένων

239 1413 477 1519 προσηγορίᾳ.
523 1415 696 1514 Λεγέσθω
715 1417 833 1494 τοίνυν
852 1419 899 1498 ὡς
915 1415 1007 1517 πρὸς
1025 1414 1091 1513 τῆν
1110 1414 1201 1512 ὅλην
1218 1413 1343 1519 φυλὴν

240 1539 309 1620 ὑπὸ
336 1549 400 1620 τοῦ
426 1540 615 1646 προφήτου
640 1539 683 1621 τό
702 1539 812 1623 ’lodda
838 1578 878 1623 σε
902 1540 1125 1622 mastdarm
1148 1552 1175 1621 ιί
1193 1537 1344 1648 ιἰθελφοί

198 1697 309 1751 ιοσου.
369 1664 457 1746 Οἵδε
484 1664 555 1770 γὰρ
579 1665 690 1766 αὐτὴν
715 1668 799 1748 Ιἰίιτε
822 1668 1018 1771 προνομίας
1044 1669 1241 1774 ἠξιωμένην
1265 1666 1339 1770 πρὸ

241 1799 313 1872 τῶν
345 1799 484 1872 λοιπῶν
516 1798 644 1897 φυλῶν
676 1798 896 1892 τετιμῆσθαι,
925 1797 984 1874 καὶ
1018 1797 1091 1874 ἐπεὶ
1121 1794 1270 1900 ἐξῆρχεν
1301 1795 1342 1872 ἐν
1353 1829 1385 1864 ιο

237 1918 419 2017 πολέμοις,
445 1921 502 1997 καὶ
532 1918 624 2020 μόνη
652 1928 716 1998 τοῦ
741 1921 875 2004 παντὸς
903 1922 1025 2004 ἔθνους
1052 1921 1170 2022 ἡγεῖτο
1197 1923 1235 1999 ἐν
1262 1927 1340 2004 ταῖς

237 2042 328 2148 πρὸς
366 2043 447 2130 τοὺς
484 2046 631 2150 ἐχθροὺς
667 2045 925 2152 παρατάξεσιν,
962 2044 1104 2130 εἰκότως
1139 2047 1369 2148 ἐπιλεγεταιο

238 2172 328 2275 πρὸς
345 2173 466 2272 αὐτὴν,
481 2183 518 2254 σί
536 2171 640 2280 χεῖρές
659 2209 718 2253 σου
737 2175 791 2254 ἐπὶ
813 2173 906 2254 νότου
923 2172 985 2252 τόν
1005 2171 1123 2275 ἐχθρόν
1136 2209 1205 2252 σου.
1247 2169 1340 2252 Εἶτα

238 2296 360 2378 διὰτὸ
383 2298 531 2402 ἀρχικὸν
557 2300 616 2377 καὶ
640 2297 836 2392 βασιλικόν
861 2300 1012 2405 ἀξίωμα,
1036 2296 1183 2402 σκόμιις
1208 2300 1339 2384 λέοντος

196 2421 324 2507 ιοεῖναι
342 2427 494 2528 λέγεται.
555 2424 816 2525 Σεμνυνόμευος
842 2423 879 2504 δέ
904 2426 924 2503 ό
949 2422 1146 2527 προπάτωρ
1167 2427 1257 2524 ὁμοῦ
1279 2427 1363 2511 auls

236 2549 422 2658 προφήτης
440 2553 497 2630 ἐπὶ
521 2558 572 2659 τῷ
590 2556 653 2651 τῆς
672 2556 792 2657 φυλῆς
819 2549 993 2657 ἀξιώματι
1020 2553 1242 2654 προστίθησι
1270 2551 1335 2630 λέ-

279 2715 288 2762 ¹
302 2721 496 2777 καθόλου-ἐπὶ
509 2725 561 2776 τῶν
574 2723 635 2776 add.
651 2723 682 2776 P.
698 2740 760 2777 cum
774 2723 928 2794 interprete.
1054 2729 1079 2761 ¹¹²
1093 2721 1254 2793 σίνέσσυσιν]
1269 2721 1336 2778 nivi-

239 2823 336 2858 σσισσν
351 2803 381 2857 Ρ.
466 2812 480 2844 ¹¹
495 2800 553 2856 ίίτοι
568 2803 595 2856 S.

239 2937 355 2995 omnino
369 2956 468 2994 omnes
482 2938 517 2994 de
531 2939 591 3012 ipsa
605 2939 734 2996 Romana
749 2939 816 2995 urbe
836 2937 992 3013 capiuntur,
1008 2957 1099 3013 neque
1120 2939 1156 2995 de
1173 2939 1257 2996 Remi
1276 2939 1336 2996 sive

240 3013 356 3073 Romuli
379 3036 492 3091 genere,
517 3019 567 3075 sed
591 3037 627 3076 ex
647 3017 905 3084 innumerabilibus,
925 3019 997 3074 elius
1019 3019 1140 3084 aliunde,
1164 3019 1336 3084 nationibus,

238 3114 337 3152 omnes
351 3105 446 3152 tamen
461 3107 490 3154 et
501 3116 584 3172 reges
598 3100 688 3173 etqui
702 3107 767 3173 post
780 3100 857 3174 ipsos
876 3099 1001 3156 secundo
1020 3099 1083 3156 loco
1104 3100 1245 3174 principes
1263 3119 1334 3174 prte-

239 3176 369 3250 sidesque
383 3175 532 3244 habentur,
544 3179 738 3236 Romanorum
750 3179 937 3256 appellatione
948 3189 1091 3244 notantur,
1103 3188 1132 3236 et
1141 3181 1335 3238 Romanorum

237 3257 435 3314 denominatur
459 3257 617 3332 imperium,
641 3268 670 3316 et
694 3260 812 3317 eandem
835 3259 1094 3317 denominationem
1117 3260 1148 3316 in
1172 3261 1334 3317 universum

237 3357 336 3395 omnes
350 3338 533 3412 magistratus
547 3341 709 3416 attingunt:
733 3340 774 3397 sic
788 3341 872 3396 etiam
887 3339 916 3397 in
930 3340 1014 3397 rebus
1027 3341 1213 3398 Hebraeorum
1228 3341 1334 3398 consti-

237 3426 317 3476 tuere
344 3419 557 3494 intelligereque
585 3429 708 3496 oportet,
733 3431 867 3495 tanquam
895 3439 951 3477 uua
978 3421 1091 3495 quidem
1119 3421 1146 3476 in
1172 3423 1334 3478 universum

236 3501 327 3557 tribus
340 3500 359 3556 J
362 3500 417 3556 uda
430 3506 519 3556 totam
535 3509 651 3575 gentem
670 3501 705 3558 de
724 3520 776 3558 suo
795 3501 910 3558 nomine
930 3501 1069 3558 illustrem
1090 3501 1253 3568 reddiderit,
1268 3521 1333 3577 par-

236 3579 366 3637 ticulares
388 3599 456 3636 vero
481 3581 566 3637 dnoes
593 3600 626 3638 ac
650 3599 733 3656 reges
756 3600 789 3638 ex
813 3580 930 3639 diversis
957 3582 1104 3638 extiterint
1125 3581 1264 3646 tribubus,
1286 3583 1334 3656 qui

234 3668 330 3718 tamen
351 3660 495 3717 communi
515 3661 562 3717 illa
577 3661 660 3718 Judae
683 3661 869 3735 appellatione
891 3661 1028 3718 bonorem
1052 3663 1221 3736 acceperint.
1264 3662 1334 3718 Non

235 3741 290 3798 alio
311 3759 381 3816 ergo
402 3760 486 3815 quarn
506 3742 542 3798 ad
562 3748 653 3797 totam
674 3741 779 3798 tribum
800 3741 938 3798 referatur
963 3742 1041 3806 illud,
1061 3743 1137 3816 quod
1157 3761 1175 3798 a
1195 3742 1334 3816 propbeta

236 3821 410 3886 dictumest,
425 3821 501 3878 luda
515 3829 543 3878 te
564 3822 715 3878 laudabunt
726 3820 839 3894 fratrer
852 3824 902 3879 tui.
946 3821 1075 3879 Noverat
1088 3821 1164 3878 enim
1178 3822 1255 3878 illam
1268 3831 1333 3878 tan·

237 3919 320 3974 quam
341 3902 536 3975 prerogativae
557 3920 659 3958 munus
676 3909 867 3966 consecutam,
882 3902 990 3958 bonore
1004 3902 1115 3960 ceteris
1129 3903 1257 3960 tribubus
1271 3921 1333 3959 esee

236 3981 471 4054 anteponendam,
486 3992 514 4039 et
529 3981 661 4056 quoniam
675 3981 806 4055 princeps
819 3981 873 4038 tuit
886 3982 916 4038 in
935 3982 1023 4048 bellis,
1039 3991 1068 4038 et
1083 3982 1144 4040 sola
1165 3983 1194 4040 in
1216 4001 1332 4058 appara-

236 4060 313 4116 tibus
326 4061 484 4133 praeliorum
499 4063 632 4119 adversus
649 4062 746 4120 hostes
766 4061 847 4136 genti
868 4080 925 4118 suae
945 4063 1332 4137 universaepraesuit,1nerito

237 4138 368 4213 deinceps
382 4139 418 4195 ad
433 4142 551 4198 eandem
565 4141 634 4198 illud
649 4161 759 4216 quoque
773 4141 884 4206 dicitnr,
902 4143 1003 4200 Manus
1022 4150 1076 4200 tace
1098 4145 1125 4198 in
1146 4152 1224 4218 terpo
1242 4146 1333 4200 inimi-

236 4235 326 4271 corum
354 4225 470 4271 tuorum.
520 4219 630 4276 Deinde
662 4230 777 4294 propter
808 4221 996 4295 principatum
1024 4231 1196 4296 propterque
1223 4223 1332 4296 regiam

237 4294 414 4367 dignitatern,
432 4296 538 4349 catulus
561 4299 643 4352 leonis
664 4317 726 4355 esse
747 4300 856 4355 dicitur.
900 4301 1005 4357 Gloriae
1028 4301 1114 4375 igitur
1133 4303 1186 4357 sibi
1204 4303 1334 4359 tribuens
