3132 4714
266 257 331 326 674
714 261 900 328 EUSEBII
1344 276 1457 347 p337
1472 295 1519 310 -
1556 275 1557 310 l

262 428 374 506 λείπω
393 434 552 524 σκοπεῖν,
570 437 746 508 τοσοῦτον
764 424 1082 528 ἐπισημηνάμενος,
1102 431 1150 511 ὡς
1168 429 1238 530 ἀρα
1257 426 1364 511 αὐτὸς

263 552 365 636 οὗτος
393 554 413 631 ὁ
441 552 634 654 λεγόμενος
660 553 781 657 πατὴρ
810 560 935 638 αἰῶνος
965 557 1023 635 καὶ
1056 555 1202 657 ἀπείρου
1228 551 1396 656 είρήνηςᾱ

261 680 383 784 ἅρχων
401 678 561 783 μεγάλης
585 713 624 760 τε
648 686 786 780 βουλῆς
813 682 971 785 ἅγγελος
998 680 1286 784 γεννηθήσεσθαι
1305 683 1364 760 καὶ

259 806 400 886 παιδίον
418 805 567 885 ἐσεσθαι
584 807 854 912 προφιγτειίεται,
873 809 934 887 ἐπί
957 839 995 886 τε
1018 813 1063 912 τῇ
1086 813 1134 891 είς
1152 805 1360 924 ἀνθρώπους

260 933 386 1012 ἀὐτοῦ
417 933 554 1035 γενέσει
585 933 848 1037 πυρικαύστους
879 932 1064 1034 ἐθελήσειν
1094 933 1246 1014 ἔσεσθαι
1277 930 1359 1016 τοὺς

259 1061 317 1140 ἐπὶ
341 1065 386 1165 τῇ
411 1061 453 1140 δι’
474 1061 580 1140 αὐτοῦ
607 1062 776 1168 γενομένη
799 1061 961 1169 σωτηρίᾳ
980 1067 1053 1140 τῶν
1071 1062 1182 1142 ἐθνῶν
1201 1063 1384 1166 &tuffo-s

260 1185 456 1286 νουμένους,
488 1186 555 1268 είτε
592 1188 760 1287 δαίμονας
796 1184 983 1291 πονηροὺς,
1015 1187 1083 1267 εἴτε
1120 1189 1178 1268 καὶ
1216 1189 1359 1283 ἀσεβεῖς

259 1311 399 1415 ἀνδρας,
418 1316 498 1417 περὶ
522 1311 573 1393 ὧν
596 1318 721 1420 φησὶν,
739 1314 787 1394 ’ίτι
815 1321 937 1396 πᾶσαν
961 1311 1082 1408 στολήν
1107 1314 1361 1418 ἐπισυνηγμίιην

204 1432 356 1549 ιιιθίλῳ,
378 1449 437 1521 καὶ
458 1440 588 1546 ἱμάτιον
606 1439 697 1546 perit
721 1439 958 1543 καταλλαγῆς
983 1440 1195 1524 ἀποπίνουσι.
1253 1440 1359 1526 Τίνες

257 1563 296 1645 δέ
313 1566 384 1670 ἀρα
401 1565 497 1668 ἦσαν
516 1568 621 1665 οὗτοι,
640 1565 662 1667 ή
681 1571 761 1672 περὶ
779 1567 829 1648 ὧν
846 1570 1014 1674 ἀλλαχοῦ
1037 1567 1082 1674 ἐξ
1102 1568 1213 1648 αὐτοῦ
1234 1601 1354 1670 προσ·
1369 1600 1402 1638 ¹0

257 1692 357 1773 ἀπου
372 1703 436 1775 τοῦ
455 1699 623 1797 Σωτῆρος
640 1694 740 1794 ἡμῶν
759 1695 902 1798 ε’ίρηται,
921 1691 1144 1802 θιιμερίσιιντι
1167 1691 1215 1775 rie
1232 1693 1359 1800 ίμάτιιί

256 1857 323 1925 μου
342 1822 483 1911 ἑωυτοῖς,
505 1827 565 1900 καί
585 1821 641 1901 ἐπὶ
661 1821 712 1904 τίν
730 1823 914 1927 ίματισμίι
930 1857 997 1925 μου
1015 1819 1142 1914 ίβιιλον
1160 1818 1295 1926 κλήροις
1324 1819 1362 1900 οἵ

255 1979 294 2024 τε
323 1949 387 2044 τῆς
415 1947 552 2026 τούτων
578 1948 722 2050 μέτοχοι
751 1948 976 2045 δυσσεβείας,
999 1943 1033 2026 οἳ
1059 1949 1119 2025 καὶ
1145 1945 1356 2046 θελήσουσι,

254 2068 321 2172 τήν
338 2077 449 2178 σφῶν
467 2074 584 2153 αὐτῶν
602 2075 721 2178 κρίσιν
744 2069 894 2177 ὕστερόν
914 2104 1002 2153 ποτε
1027 2071 1212 2178 ὀψόμενοι,
1230 2078 1260 2153 εί
1283 2070 1396 2176 πράρ.
1408 2090 1488 2173 338

253 2203 317 2298 τῆς
348 2201 516 2293 ἀσεβείας
547 2201 664 2279 αὐτῶν
691 2197 917 2302 ἐγεγόνεισαν
946 2199 1193 2302 πυρίκαυστοι,
1220 2202 1305 2303 πρὶν
1330 2196 1354 2300 ή

252 2324 316 2404 τὸν
332 2327 395 2424 τῆς
412 2324 572 2428 μεγάλης
589 2331 726 2424 βουλῆς
745 2329 904 2428 ἄγγελον
920 2323 1011 2429 πρὸς
1029 2326 1146 2406 αὐτῶν
1164 2327 1349 2425 ἀσεβηθῆ-

198 2491 243 2538 142
253 2483 321 2532 ναι.
382 2455 454 2530 Καὶ
473 2451 523 2531 σὺ
542 2452 579 2532 δέ
596 2451 696 2554 παρὰ
713 2457 837 2559 σαυτῷ
859 2451 999 2558 σκέψαι
1024 2456 1054 2530 εὶ
1077 2449 1127 2551 μή
1152 2453 1379 2554 ὑπερβαίνει5

251 2585 376 2658 πᾶσαν
395 2578 509 2685 φύσιν
527 2580 726 2682 ἀνθρώπων
746 2579 788 2659 τὸ
813 2578 864 2678 μή
889 2576 995 2662 τέλος
1018 2576 1195 2682 ἔχειντὴν
1213 2577 1354 2681 εἰρήνην

250 2708 359 2786 αι’σοῦ
391 2707 572 2807 λέγεσθαι,
605 2711 663 2785 καὶ
694 2706 736 2786 τὸ
771 2707 909 2809 πατέρα
940 2703 1177 2806 ὀνομάζεσθαι
1210 2712 1347 2791 αἰῶνος.

254 2837 325 2912 Καὶ
356 2830 443 2912 αὐτὸ
471 2831 509 2912 δέ
537 2831 579 2912 τὸ
607 2839 797 2913 καλεῖσθαι
819 2831 927 2912 αὐτὸν
945 2833 1012 2936 οὐχ
1037 2833 1166 2917 ἁπλῶς
1190 2833 1353 2936 ἄγγελον,

710 3003 770 3050 ιου
787 2995 851 3068 (uie)
868 2995 897 3050 S.

250 3137 406 3204 sequuntur
419 3128 470 3186 tibi
492 3128 545 3204 ipsi
566 3131 784 3205 contemplando
800 3130 937 3207 relinquo,
956 3131 1012 3189 hoo
1030 3150 1118 3190 unum
1139 3131 1288 3190 dumtuxut
1301 3132 1353 3190 ed-

249 3217 364 3267 notasse
378 3216 538 3275 coutentus,
553 3211 629 3285 quod
648 3211 708 3287 ipse
725 3213 780 3278 hic,
796 3213 843 3287 qui
858 3213 961 3270 dieitur
978 3221 1058 3288 pater
1072 3213 1176 3279 eaeculi,
1192 3221 1222 3272 et
1234 3212 1352 3271 infinite

248 3290 327 3366 pacis
340 3289 480 3365 princeps,
495 3290 648 3367 magnique
669 3292 780 3350 consilii
795 3293 924 3369 angelus,
940 3294 1063 3352 oriturus
1078 3293 1228 3368 aliquando
1242 3305 1272 3352 et
1283 3313 1350 3370 pue·

249 3371 327 3430 ruluu
340 3371 452 3429 iuturus
466 3372 616 3446 prophetia
629 3373 798 3441 declaretur,
813 3374 884 3432 etin
899 3383 963 3432 ortu
978 3393 1029 3432 suo
1043 3375 1119 3432 inter
1131 3374 1261 3432 homines
1274 3374 1352 3432 volet

249 3453 316 3510 olim
338 3471 400 3510 esse
421 3452 488 3528 igne
509 3452 673 3511 combustos
693 3472 752 3520 eos,
767 3455 858 3530 quiin
876 3474 910 3512 eu
924 3455 1014 3513 eulute
1035 3455 1174 3530 gentium,
1189 3457 1270 3530 cujus
1290 3454 1352 3530 ipse

248 3533 352 3592 uuthor
372 3533 434 3598 etit,
458 3533 549 3590 odiosi
571 3533 658 3591 futuri
682 3542 759 3602 eunt,
783 3535 841 3593 eive
863 3533 882 3591 ii
902 3535 969 3593 meli
992 3535 1105 3610 quidum
1127 3535 1270 3593 daemoneu
1292 3535 1352 3592 eive

248 3615 334 3672 etiem
348 3613 427 3690 impii
441 3614 572 3671 homines
585 3613 788 3689 intelligantur,
804 3616 840 3672 de
854 3615 955 3691 quibus
969 3615 1016 3682 uit,
1033 3617 1114 3682 Quod
1132 3634 1237 3673 omnem
1251 3623 1351 3672 vestem

248 3696 389 3753 collectum
411 3695 483 3760 dolo.
506 3703 534 3751 et
555 3699 751 3760 uestimentum,
776 3715 835 3752 eum
860 3697 1046 3754 conciliatione
1066 3699 1179 3752 solvent.
1223 3695 1281 3754 Sed
1302 3695 1350 3772 qui

247 3775 363 3834 taudem
388 3775 418 3832 hi
439 3775 553 3840 fueiint,
574 3775 628 3832 uiui
649 3776 685 3832 de
708 3777 808 3850 quibus
829 3776 895 3833 alibi
917 3795 952 3833 ex
974 3777 1061 3852 ipsius
1083 3775 1238 3834 salvatoris
1258 3775 1350 3833 nostri

247 3873 370 3930 persone
386 3855 493 3913 dictum
512 3863 565 3924 eut,
580 3855 688 3912 Partus·
707 3863 770 3913 eunt
790 3859 947 3914 vestimentu
965 3848 1025 3914 οιια
1039 3857 1098 3919 siti,
1113 3865 1139 3914 et
1155 3875 1239 3932 super
1251 3865 1349 3914 vestem

247 3953 335 3992 ineam
355 3938 482 3994 miserunt
501 3936 630 3994 sortem?
651 3937 689 3994 Et
704 3937 862 4014 quicunque
876 3938 1003 4012 ejusdem
1019 3938 1174 4013 impietatis
1187 3956 1221 3994 ec
1235 3937 1349 3994 sceleris

246 4015 397 4090 participes
412 4014 547 4074 fuerunt?
569 4017 627 4086 Qui
648 4017 761 4093 quidem
781 4018 849 4074 dum
868 4018 976 4094 seipsos
990 4019 1026 4076 ud
1039 4028 1200 4076 extremum
1214 4017 1348 4074 condem·

246 4103 329 4152 natos
343 4095 487 4162 videbunt.
503 4098 642 4170 optabunt
655 4117 686 4155 ue
700 4107 766 4155 unte
779 4098 864 4155 talem
879 4099 1052 4174 impietatem
1074 4099 1141 4174 igne
1161 4099 1249 4156 fuisse
1269 4117 1347 4155 com-

246 4174 354 4238 bustos,
368 4173 463 4246 potius
477 4194 561 4247 quum
576 4179 671 4252 magni
686 4179 796 4236 consilii
809 4179 942 4254 angelum
957 4199 975 4235 a
988 4179 1087 4254 seipsis
1100 4179 1236 4236 violatum
1249 4178 1346 4236 finisse.

245 4251 292 4308 Tu
315 4269 383 4307 vero
411 4257 504 4308 tecum
532 4253 593 4326 ipse
620 4257 777 4324 considera,
803 4277 872 4314 num
901 4277 1015 4316 omnem
1039 4259 1192 4316 humanum
1215 4267 1347 4316 nutilium

246 4329 395 4396 Μηλίου,
407 4331 483 4402 quod
496 4330 569 4386 illiue
584 4352 639 4404 pax
654 4335 761 4390 nullum
775 4339 860 4394 finem
875 4338 1005 4395 habiture
1019 4357 1080 4396 esee
1096 4339 1214 4404 dicetur,
1227 4347 1257 4396 et
1271 4339 1347 4412 quod
