3132 4714
70 265 198 335 —3o5.
447 251 676 318 DEMONST.
700 253 870 320 EVANG.
895 253 957 319 Vl.
975 275 1025 336 24.
1243 257 1301 320 611

207 415 423 510 δυσσεβείας
446 417 566 497 αὐτῶν
589 418 872 521 περιτέτραπται,
892 415 949 496 εἶτ’
970 419 1015 496 αῦ
1039 416 1151 497 πάλιν
1169 423 1232 516 τῆς
1251 419 1308 496 ἐπὶ

207 537 251 620 τὸ
277 548 437 644 κρεῖττον
466 543 695 626 ἀνανεώσεως
722 544 846 648 “ἕτνχε
874 543 932 622 διὰ
959 547 1022 642 τῆς
1049 552 1114 623 τοῦ
1143 549 1309 646 Σωτῆρος

184 666 310 763 τὴμῶν
342 668 560 773 ἐπιφανείας.
620 667 690 750 Διό
722 677 839 775 φησιν
870 671 894 768 ἦ
925 669 1136 776 προφητεία,
1159 669 1307 776 Ῥηξιίτω
1315 705 1346 768 ρ.
1357 697 1421 768 305

209 791 397 898 τῦφροσιίιηι
426 792 509 898 ιῖίμα
536 793 583 876 nir
610 793 1028 903 ίριιμα“1ερινσα>ῦιμ,’ίτι
1053 793 1169 887 ἧλέησι
1197 794 1307 902 Κύριος
1371 855 1377 866 -

209 916 318 1010 αῦτῦιι,
344 925 403 998 καὶ
433 920 584 1028 ίρρῦσιιτι
603 922 831 1028 Ἰερουσαλήμ.
892 923 973 1001 Οῦκ
1000 918 1046 1002 ἂν
1072 919 1111 1000 δὲ
1138 921 1308 1024 ἁμάρτοις

208 1042 276 1142 τὴν
294 1043 429 1129 παντὸς
447 1047 551 1147 ἁγίου
569 1053 626 1128 καὶ
646 1054 838 1153 θεοφιλοῦς
855 1047 990 1154 ψυχὴν,
1009 1046 1099 1129 καθὸ
1116 1047 1182 1146 μὲν
1199 1050 1329 1150 ἐπῆρε

208 1203 268 1250 ται
285 1176 336 1276 τῷ
354 1171 423 1278 βίῳ
441 1171 484 1250 τὸ
501 1175 702 1273 πολίτευμα
719 1174 855 1280 ἔχουσα
877 1178 914 1255 ἐν
939 1177 1099 1278 οὐρανοῖς
1116 1184 1308 1255 σκοποῦσα

208 1293 256 1374 τὰ
280 1295 515 1398 ῦπερκόσμια,
535 1298 630 1378 Σιῶν
652 1300 847 1404 ὀνομάζων·
879 1299 1118 1403 (ἑρμηνεύεται
1135 1299 1207 1403 γὰρ
1226 1338 1308 1381 σκι-

210 1425 403 1528 xantipae)
442 1423 531 1504 καθὸ
562 1425 600 1506 δὲ
632 1429 671 1506 ἐν
700 1426 888 1533 εὐπαθείᾳ
921 1429 980 1505 καὶ
1010 1431 1152 1528 γαληνῇ
1183 1432 1309 1505 παθῶν

209 1547 439 1648 καθεστηκεν,
452 1551 693 1654 Ἰερουσαλὴμ
720 1551 831 1651 αὐτὴν
858 1555 1064 1632 ἀποκαλῶν·
1101 1553 1209 1658 ὅρασιν
1236 1549 1308 1655 γὰρ
1320 1592 1349 1628 ιο

184 1676 323 1780 acipiens
356 1677 585 1783 μεταληφθέν
616 1681 772 1775 τοῦνομα
805 1678 982 1778 σημαίνει.
1042 1677 1191 1760 Τούτοις
1218 1679 1338 1758 uiro-b

209 1799 351 1884 λοῦθως
367 1803 390 1898 ἦ
409 1809 482 1882 τῶν
494 1805 607 1883 ἐθνῶν
625 1808 682 1884 ἐπὶ
699 1803 765 1903 τὴν
783 1803 968 1897 εὐσέβειαν
985 1813 1049 1884 τοῦ
1067 1808 1163 1884 Θεοῦ
1178 1808 1309 1903 κλῆσις

208 1926 451 2031 ἐναργέστατα
471 1934 642 2030 δηλοῦται
660 1927 720 2009 διὰ
740 1939 814 2026 τοῦ,
836 1947 904 2012 Καὶ
933 1925 1166 2037 ιἰπιιιαλιίφει
1196 1930 1308 2036 Κύριος

210 2053 332 2139 ίΘιῦς
350 2059 403 2133 rir
430 2057 598 2161 βραχίονα
623 2057 675 2136 τὶν
699 2057 795 2158 ίίγιαν
819 2061 917 2136 αὑτοῦ
940 2056 1068 2137 ε’νῶπιιν
1092 2055 1224 2136 πάντων
1248 2054 1330 2142 τῶνε

208 2175 307 2258 ἐθνῶν.
358 2189 426 2260 Καὶ
447 2174 590 2286 &ponar
609 2180 726 2262 παίντιι
745 2180 790 2262 ria
812 2181 905 2288 ιίιιρα
924 2181 981 2274 ric
998 2180 1063 2282 γῆς
1081 2178 1135 2273 τίν
1153 2184 1310 2284 σωτηρίαι

210 2302 265 2398 riu
291 2303 391 2414 παρῶ
419 2309 473 2386 τοῦ
501 2309 587 2388 Θεοῦ
614 2308 712 2412 ἡμῶν.
772 2309 953 2411 Βραχίανα
979 2305 1017 2386 δὲ
1043 2315 1107 2387 τοῦ
1136 2311 1231 2386 Θεοῦ
1259 2305 1309 2406 μὴ

210 2431 328 2512 ἄλλον
353 2429 442 2512 εἶναι
465 2441 529 2512 τοῦ
553 2433 676 2536 Λόγου
700 2437 758 2514 καὶ
782 2438 846 2532 τῆς
868 2434 1005 2537 Σοφίας
1029 2436 1087 2512 καὶ
1113 2433 1220 2512 αὐτοῦ
1245 2441 1309 2513 τοῦ

182 2557 356 2660 ρΚνρίου,
375 2557 415 2642 ὅς
438 2560 539 2638 ἐστιν
565 2560 585 2637 ὁ
611 2557 774 2660 Χριστὸς
794 2568 858 2639 τοῦ
884 2565 989 2656 Θεοῦ,
1009 2560 1133 2662 νόμιζε.
1191 2566 1309 2639 Τοῦτο

209 2692 298 2783 γοῦν
315 2686 353 2763 ἐκ
370 2690 524 2765 πολλῶν
540 2688 776 2786 παραστῆσαι
792 2684 926 2790 ῥᾴδιον.
980 2682 1104 2788 Ἔχεις
1129 2685 1168 2765 δὲ
1191 2688 1249 2765 καὶ
1266 2689 1309 2765 -ἐν
1320 2727 1349 2762 ιο

208 2805 350 2916 Ἐξὸδιρ
378 2805 441 2888 τὸν
457 2808 611 2913 Ἰσραὴλ
638 2810 804 2913 βραχίονι
832 2815 928 2890 Θεοῦ
953 2809 1133 2913 ῥνσθέντα
1159 2813 1223 2907 τῆς
1251 2808 1334 2889 ῦιτό

626 2979 643 3010 ¹
657 2971 759 3044 ἔτευχε]
774 2973 850 3042 ἔτυχε
865 2972 894 3027 P.

210 3115 378 3155 eonveraum
404 3106 457 3163 eat,
479 3097 581 3155 deinde
601 3115 698 3154 ruraua
719 3097 931 3155 renovationem
954 3097 984 3154 in
1005 3098 1105 3156 melina
1126 3107 1309 3156 consecutum

211 3188 256 3235 eat
279 3196 331 3254 per
351 3179 458 3235 Christi
480 3176 636 3234 Salvatoria
661 3178 752 3234 nostri
773 3177 934 3235 adventum.
977 3177 1157 3254 Quapropter
1181 3179 1220 3235 ait
1241 3198 1307 3254 pro-

212 3258 316 3333 phetia,
329 3257 488 3333 Erumpunt
509 3260 633 3314 letitiam
653 3259 735 3315 ιίιιιιιῑ
755 3258 858 3315 deserto
873 3259 1068 3316 Hierusalem:
1089 3260 1214 3334 ανοιιίαιιι
1231 3263 1307 3316 ποίνι-

213 3349 291 3396 ratur
304 3348 343 3395 ert
358 3340 494 3396 Dominus
507 3341 604 3412 iprum.
616 3347 642 3394 e!
657 3337 777 3394 ὶίῦττονὶί
790 3339 974 3396 Hier-arolam.
1013 3339 1156 3396 Caeterum
1170 3357 1307 3412 nusquam

211 3437 279 3476 sane
304 3419 426 3484 aberres,
449 3419 472 3474 si
494 3419 714 3493 uniuscujusque
738 3419 791 3474 viri
815 3418 905 3476 nancti
928 3419 1046 3492 Deoque
1071 3419 1154 3474 amici
1174 3419 1307 3482 animam,

211 3509 350 3574 qnatenus
371 3498 484 3572 quidem
506 3517 590 3574 supra
607 3498 682 3556 hano
695 3498 784 3556 vitam
799 3498 874 3556 elata
887 3505 939 3562 eat,
954 3498 1056 3572 quippe
1077 3515 1164 3571 quum
1186 3497 1215 3553 in
1236 3496 1308 3553 ooelo

211 3597 294 3637 anum
311 3581 360 3654 jue
375 3579 497 3636 civitatis
510 3579 623 3646 habeat,
637 3580 899 3654 contempleturque
917 3595 951 3633 aa
969 3595 1032 3651 quae
1045 3577 1107 3651 ipao
1121 3576 1228 3632 mundo
1242 3585 1309 3632 eunt

210 3660 364 3734 superiora,
376 3658 447 3716 Sion
461 3660 600 3724 nominee,
613 3667 692 3730 (nam
706 3677 743 3716 ex
757 3657 990 3733 interpretatione
999 3658 1207 3732 rparulrtorium
1220 3655 1308 3730 signi·

210 3740 300 3812 fient)
312 3748 450 3815 quotenne
463 3749 557 3797 autem
572 3739 602 3795 in
616 3740 692 3796 bono
706 3747 781 3796 atatu
796 3748 825 3797 et
838 3739 931 3813 quiete
945 3737 1188 3812 perturbationum
1201 3737 1306 3793 consti-

209 3829 273 3876 tuta
285 3831 338 3884 eat,
354 3820 532 3878 Hierusalem
547 3821 664 3877 eandem
678 3819 821 3894 appelles:
848 3819 918 3876 illud
932 3817 1007 3876 euim
1021 3836 1126 3874 nomen
1139 3833 1308 3874 conversum

208 3901 338 3958 αι’ςίοιιανι
356 3903 432 3975 ραςίι
452 3899 605 3975 signifieat.
646 3899 756 3958 Ordine
770 3900 888 3974 posthac
901 3899 955 3958 Dei
974 3899 1012 3957 ad
1025 3917 1120 3956 veram
1139 3898 1307 3974 religionem

209 3981 321 4038 vooatio
344 3981 473 4056 gentium
496 3980 707 4038 evidentiaaima
730 3981 889 4038 declarator
912 3981 967 4038 illia
988 3979 1090 4044 verbis,
1117 3980 1154 4036 Et
1177 3979 1307 4036 revelabit

211 4063 346 4120 &mnas
361 4062 440 4118 Deua
453 4060 593 4118 ὁτοιθιίνοι
605 4069 729 4119 κατεῖναι
742 4079 832 4125 auam,
847 4064 876 4116 in
894 4067 1032 4135 ιοπιριοςιι
1045 4061 1163 4116 omniun
1175 4063 1305 4134 pentum,

208 4141 377 4200 renidebant
391 4141 562 4216 omneastm
575 4149 653 4198 ιοττσ
666 4143 781 4198 salutem
795 4159 813 4196 ο
831 4141 892 4197 Deo
908 4148 1008 4198 nostro.
1050 4139 1138 4196 Porro
1159 4139 1305 4197 brachium

210 4220 267 4278 Dei
280 4221 444 4294 neutiquam
459 4221 535 4277 aliud
553 4239 615 4278 eaae
633 4219 778 4277 arbitreris
797 4238 881 4294 quam
897 4219 1022 4278 Verbum
1041 4229 1071 4276 et
1084 4219 1258 4293 Sapientiam
1278 4229 1307 4276 et

208 4301 302 4375 iprum
316 4301 480 4365 Dominum,
495 4299 542 4375 qui
557 4311 600 4358 eat
615 4301 747 4359 Christua
761 4299 827 4358 Dei.
871 4301 935 4358 Hoc
948 4301 1025 4358 enim
1045 4319 1082 4356 ex
1101 4299 1196 4356 multia
1210 4307 1304 4355 osten·

759 4413 811 4452 Nu
