3142 4720
309 215 393 328 aea⁴
757 266 942 333 nusnan
1384 273 1528 354 μανον

306 434 364 512 ἐπὶ
388 429 516 535 θρόνου
540 435 641 536 ἁγίου
670 437 789 515 αὑτοῦ.
841 434 944 534 Ἤδη
971 436 1008 516 δὲ
1035 434 1208 539 πρότερον
1226 446 1290 516 τοῦ
1309 442 1439 518 θεοῦδ
1527 449 1528 456 ’

308 555 429 658 Λόγου
455 557 520 638 τὸν
549 556 687 660 θρόνον,
714 562 770 666 ἐφ’
801 558 842 639 δν
872 559 1080 662 καθέζεσθαι
1112 562 1131 639 ὁ
1159 559 1279 664 πατὴρ
1308 563 1406 668 αὐτῷ

304 685 602 784 παρεκελεύσατο,
623 683 742 783 εἰπὼν,
763 683 872 765 Κάθου
899 687 939 766 ε’νι
969 681 1079 792 δεξιῶν
1105 721 1182 790 μιν,
1203 687 1264 774 ἕως
1292 683 1332 767 δν
1360 686 1407 766 θ“

304 807 379 893 τοὺς
408 807 536 918 ἐχθρούς
561 847 620 890 σιν
647 806 826 890 ὑποπόδιον
851 810 912 891 τῶν
938 807 1046 891 ποδῶν
1071 847 1142 902 σιν,
1163 811 1221 892 διὰ
1241 821 1305 892 τοῦ
1331 812 1427 915 πρὸε

281 933 431 1026 ςτοθτου
454 934 739 1038 συγγράμματος
756 934 1051 1037 παρεοτήσαμεν.
1102 936 1157 1016 Τὸ
1180 937 1227 1034 δὲ,
1247 937 1404 1046 ἄρχοντες

304 1059 397 1139 λαῶν
414 1059 617 1158 συνήχθησαν
635 1060 726 1165 perir
744 1063 798 1141 τῶ
814 1065 899 1142 Θεοῦ
911 1061 1091 1167 Ἀβραλμ,
1107 1063 1157 1142 ἔτι
1172 1063 1402 1168 σαφέστερον

303 1187 412 1283 δηλοῖ
424 1191 693 1283 μετατεθεῖσθαι
711 1191 759 1268 εἷς
777 1183 840 1265 τὸν
853 1190 987 1288 κλῆρον
1001 1193 1074 1266 τῶν
1086 1187 1202 1267 πάλαι
1220 1195 1401 1294 θεοφιλῶν

303 1443 395 1514 στοῦ
421 1436 623 1535 ἐκκλησίας,
643 1436 676 1516 οἳ
703 1442 761 1516 καὶ
788 1442 833 1542 τῇ
857 1437 1002 1537 δυνάμει
1026 1447 1090 1518 τοῦ
1117 1445 1283 1543 Σωτῆρος
1300 1442 1401 1540 ἡμῶν

302 1563 575 1665 κραταιωθέντες
607 1562 754 1670 σφόδρα
784 1564 1003 1666 ἐπήρθησαν,
1032 1566 1171 1650 οὐδενὸς
1203 1567 1402 1671 ἀνθρώπων

302 1695 523 1782 καταβαλεῖν
539 1688 667 1772 αὐτοὺς
688 1692 746 1768 καὶ
768 1696 986 1770 ταπεινῶσαι
1004 1691 1235 1791 δεδυνημένου
1259 1691 1317 1772 διὰ
1334 1690 1402 1792 τὴν

302 1814 518 1916 ἀννψοῦσαν
549 1812 677 1898 αι’ντοὺς
706 1817 764 1894 καὶ
792 1819 1021 1912 δυναμοῦσαν
1048 1826 1112 1896 τοῦ
1140 1822 1234 1897 Θεοῦ
1264 1818 1397 1924 δεξιάν.

304 1940 377 2016 Καὶ
409 1945 522 2017 ταῦτα
554 1937 592 2017 δὲ
607 1963 608 1968 ’
622 1941 679 2018 ἐπὶ
713 1943 854 2043 σχολῆς
884 1941 1047 2025 ἐντελοῦς
1078 1941 1236 2048 τεύξεται
1269 1943 1528 2046 &typi-Pa&

302 2095 404 2145 σεως.
550 2063 552 2068 ’

693 2198 759 2272 ind
785 2209 919 2274 nannai·
941 2200 1000 2296 μθ.

198 2429 205 2448 ⁸
236 2346 261 2422 3
351 2334 433 2414 θεὸς
463 2336 552 2408 θεῶν
580 2336 703 2435 Κύριος
732 2337 887 2426 ἔλθλησε,
911 2341 963 2411 καὶ
991 2338 1126 2413 ἐκάλεσε
1152 2343 1213 2424 τὴν
1238 2351 1302 2435 ’γῆν
1326 2341 1427 2415 ἆπδῐι

136 2430 235 2580 {²3⁸
300 2452 470 2524 ἀνατολῶν
490 2454 583 2535 ἡλίου
603 2456 655 2526 καὶ
678 2456 778 2551 μέχρι
796 2455 931 2540 δυσμῶν·
958 2458 992 2526 ἐκ
1010 2457 1096 2529 Σιῶν
1113 2461 1131 2540 ἦ
1149 2458 1321 2556 εὐπρέπεια
1337 2468 1397 2543 τῆς

137 2590 233 2659 derna
299 2569 500 2662 ὡραιότητος
517 2569 627 2640 αὐτοῦ.
667 2569 713 2639 'O
731 2568 813 2647 θεὸς
830 2572 980 2669 ἐμφανῶς
997 2570 1074 2665 ἥξει,
1092 2573 1111 2643 ὁ
1129 2571 1212 2650 Θεὸς
1228 2578 1324 2660 ἡμῶν,
1341 2575 1418 2646 auis

137 2671 202 2726 θεὸς
211 2671 247 2728 εἷς

136 2749 232 2822 ἀνθρώ.

299 2683 336 2753 οὗ
352 2688 657 2779 παρασιωπῆσεται.

298 2873 404 2930 oiroam
418 2881 523 2931 terram
536 2881 682 2931 versantes
695 2872 864 2948 fallacesque
878 2874 1001 2949 spiritus,
1016 2875 1066 2932 sed
1087 2875 1147 2950 ipse
1164 2877 1243 2933 Deus
1264 2879 1395 2952 regnavit

298 2971 383 3028 super
396 2971 495 3010 omnes
509 2961 619 3029 gentes,
633 2955 694 3028 ipse
708 2954 822 3028 inquam
838 2953 928 3020 Deus,
944 2954 992 3028 qui
1013 2955 1093 3012 sedet
1111 2974 1196 3030 super
1212 2958 1279 3014 sede
1296 2965 1395 3016 sanem

298 3051 358 3089 sua.
401 3035 543 3090 Caeterum
557 3035 618 3108 jam
633 3043 718 3091 antea
732 3033 785 3091 Dei
800 3034 878 3092 verbi
896 3036 1000 3101 sedem,
1016 3053 1100 3109 super
1120 3055 1176 3110 qua
1198 3046 1279 3112 pater
1300 3037 1394 3112 ipsum

298 3114 397 3170 sedere
407 3113 532 3187 jusserat
544 3113 600 3170 illis
612 3113 715 3178 verbis,
732 3114 799 3172 Sede
812 3133 830 3171 α
843 3117 947 3171 deutris
960 3117 1035 3182 meir,
1050 3117 1135 3174 donee
1150 3135 1254 3192 ponam
1270 3119 1395 3176 inimicos

298 3201 358 3249 tuos
385 3193 531 3249 scabellum
556 3195 658 3268 pedum
686 3202 803 3258 tuorum.
832 3212 866 3251 eo
894 3194 941 3268 qui
969 3195 1045 3251 huno
1071 3197 1216 3254 antecedit
1241 3197 1314 3254 libro
1341 3217 1394 3274 pro

297 3272 404 3330 viribus
424 3271 638 3330 deelaravimus.
680 3273 755 3330 Illud
775 3283 879 3342 autem,
896 3275 1036 3349 Principes
1053 3279 1216 3351 populorum
1237 3281 1394 3354 cougrepati

292 3360 358 3410 aaut
372 3371 433 3410 cum
446 3353 495 3408 deo
509 3354 658 3418 Abrohom,
673 3352 765 3410 adhuc
785 3354 909 3428 apertius
930 3355 1107 3412 demonstrat
1127 3365 1317 3414 commutatos
1331 3375 1393 3414 esse

297 3433 326 3489 ia
341 3439 447 3489 sortem
460 3440 588 3490 veterum
601 3433 799 3508 religiosorum
812 3434 866 3491 Dei
880 3435 1083 3508 prophetarum
1097 3444 1257 3510 assumptos
1272 3437 1308 3494 de
1322 3456 1392 3513 gen·

296 3513 372 3570 tibus
392 3513 518 3570 eoelesiae
539 3513 647 3571 Christi
668 3513 816 3588 principes,
832 3515 879 3588 qui
899 3515 985 3572 etiam
1002 3516 1106 3573 virtute
1127 3515 1283 3574 Salvatoris
1303 3520 1394 3574 nostri

295 3593 470 3652 corroborati
487 3595 516 3651 in
535 3594 656 3651 sublime
673 3595 826 3651 admodum
840 3595 931 3652 erecti
945 3604 1022 3662 sunt,
1037 3596 1140 3670 quippe
1159 3615 1231 3671 quos
1250 3614 1335 3653 nemo
1356 3616 1393 3654 ex

295 3675 426 3732 omnibus
447 3675 607 3732 hominibus
628 3674 749 3749 dejicere
773 3682 822 3732 aut
841 3682 1022 3749 prosternere
1042 3677 1176 3751 potuerit,
1197 3676 1235 3733 ob
1256 3695 1329 3744 eam,
1346 3677 1394 3750 qai

295 3754 372 3827 ipsos
393 3755 502 3811 extollit
521 3755 665 3831 fortesque
686 3754 764 3821 iacit,
786 3755 888 3811 summi
909 3755 964 3812 Dei
984 3755 1115 3813 dextram
1167 3756 1310 3815 Craterum
1330 3757 1392 3814 haee

294 3833 387 3906 majus
401 3834 490 3890 otium
504 3836 579 3892 nacti
593 3834 749 3892 absolutius
763 3834 913 3908 aliquando
928 3836 1131 3894 enarrabimus.

716 3999 736 4037 A
751 3999 868 4038 ΡΒΔΙιλΙΟ
883 3999 965 4039 mx.

231 4093 255 4168 3
337 4081 418 4137 Deus
431 4081 557 4138 Deorum
572 4083 707 4140 Dominus
726 4085 852 4160 ῑορυυιυκ
869 4091 919 4150 est,
935 4093 961 4141 et
974 4086 1082 4142 uocauit
1097 4091 1229 4142 terrama
1246 4087 1310 4142 solis
1328 4094 1393 4143 ortu

162 4183 205 4219 -ι-
294 4163 436 4236 usquead
460 4179 593 4219 occasum.
644 4162 691 4218 Ee
716 4165 783 4220 Sion
806 4167 906 4238 species
927 4167 1031 4222 decoris
1053 4163 1130 4238 q'us:
1152 4167 1228 4223 Deus
1251 4165 1393 4228 manifeste

152 4233 166 4260 ¹¹
202 4231 245 4310 ¹23
294 4243 392 4307 veniet,
418 4241 496 4299 Deus
523 4250 623 4306 noster.
645 4251 671 4299 et
695 4262 749 4300 uon
771 4246 870 4302 silebit.
912 4245 951 4302 Et
974 4253 1040 4319 post
1062 4245 1198 4303 nonnulla
1221 4246 1291 4303 alia:
1319 4248 1393 4303 Audi
