3120 4716
259 239 324 304 ona
708 233 893 298 nusnnu
1339 247 1502 317 Μη-

258 397 377 489 εἶρῆνης
395 393 432 487 ἐξ
450 397 555 475 ἐθνῶν,
573 393 624 464 καὶ
648 391 803 489 κατάρξει
822 392 890 464 ιἰπδ
914 390 1086 475 θαλάσσης
1102 395 1158 470 ἕως
1176 390 1358 476 θαλάσσης,
1372 426 1402 460 ιο

257 509 309 578 καί
327 508 395 579 ἀπὸ
414 515 572 592 ποταμῶν
590 512 653 585 ἐἰς
671 507 842 597 διεκβολὰς
860 517 929 600 γῆς.

235 677 247 710 2
313 645 439 718 Ταῦτα
461 639 552 736 μετὰ
577 638 643 737 τὴν
664 640 736 719 ἀπὸ
763 645 982 732 Βαβυλῶνας
1006 639 1178 719 ἐπάνοδον
1196 648 1259 718 τοῦ
1286 645 1359 718 Ζα-

256 766 382 869 χαρίου
419 770 466 848 είς
503 765 549 844 rol
587 767 726 844 ὕστατα
762 772 835 845 τῶν
871 771 1068 868 προφητῶν
1105 768 1356 860 θεσπίσανιος,

257 893 368 976 οὐδεὶς
385 890 474 989 μετὰ
493 889 574 976 τοὺς
592 897 655 990 τῆς
673 893 890 997 προφητείας
904 891 1052 994 χρόνους
1070 889 1246 984 βασιλεὺς
1258 890 1359 992 παρὰ
1367 913 1401 974 P·
1410 893 1478 973 45⁶

256 1017 437 1100 Ἰουδαίοις
465 1016 620 1119 γεγονὼς
651 1024 851 1120 ἱστορεῖται,
880 1017 956 1096 οἷον
982 1018 1232 1120 ἡπροφητεία
1258 1050 1356 1118 παρ-

259 1142 415 1240 ίστησιν,
434 1149 462 1220 εἶ
487 1143 537 1241 μὴ
559 1141 668 1241 μόνος
686 1146 706 1221 ὁ
726 1141 853 1244 Σωτὴρ
871 1145 929 1221 καὶ
950 1140 1081 1243 Κιίριος
1099 1143 1200 1238 ἡμῶν
1217 1142 1358 1240 Ἰησοῦς

258 1271 298 1346 ld
318 1265 478 1370 Χριστδς
493 1278 555 1348 τοῦ
569 1276 674 1366 Θεοῦ,
687 1271 766 1348 καθ’
780 1267 821 1348 δν
840 1273 897 1348 καὶ
915 1270 1004 1364 αὕτη
1023 1268 1148 1350 τέλους
1166 1268 1382 1370 ἐτύγχανενε
1546 1379 1547 1382 ¹

260 1393 280 1490 ἡ
298 1389 507 1496 πρόρρησις,
521 1393 578 1473 ὅτε
598 1403 670 1476 τοῖς
689 1398 813 1473 ἑαυτοῦ
830 1399 1006 1490 μαθηταῖς
1019 1390 1109 1494 πρὸς
1126 1392 1226 1496 λε’ξιν
1239 1392 1357 1486 εἰπὼν,
1546 1391 1547 1438 l

259 1518 458 1625 πορευθέντες
477 1527 521 1604 εἷς
540 1519 592 1612 την
610 1518 768 1600 ιἰπέναντι
791 1520 900 1622 τιοίμην
918 1519 1084 1624 ἐὑρήσετε
1109 1522 1171 1596 ivor
1199 1525 1256 1596 arai
1283 1518 1357 1597 πῶ-

236 1665 314 1725 ελον
334 1641 505 1750 δεδεμείον·
536 1645 698 1728 λύσαντες
718 1644 814 1723 adria
830 1644 997 1744 ἀγάγετε.
1051 1649 1117 1721 Καὶ
1140 1643 1195 1721 icio
1213 1678 1263 1727 τις
1282 1648 1357 1746 ὑμῖν

258 1775 346 1884 εἴπῃ,
364 1773 397 1848 τί
414 1775 557 1864 ποιεῖτες
588 1773 705 1850 εἴπατε
724 1767 826 1874 αὐτῷ,
837 1769 882 1848 ‘0
900 1769 1010 1872 Κιίριος
1025 1768 1131 1846 αὐτοῖν
1147 1771 1257 1871 χρείαν
1272 1769 1353 1864 ἔχει.
1369 1801 1400 1836 10

181 1937 190 1954 ·
260 1902 327 1972 Kal
346 1893 544 1979 ἀπελθόντες
564 1897 674 1976 ἐκεῖνον
694 1895 849 1988 ἐποίησαν
871 1893 946 1974 καθ’
968 1891 994 1973 ii
1011 1894 1211 2000 προσέταξεν
1231 1899 1388 1979 attolat

256 2019 314 2098 Tol
331 2020 395 2117 μέν
414 2023 476 2100 οὖν
492 2027 555 2120 τῆς
572 2020 804 2125 προρρήσεως
822 2025 880 2100 καὶ
899 2019 944 2098 τὰ
965 2029 1028 2100 τοῦ
1050 2020 1358 2122 συμπεράσματος

234 2154 383 2232 ιτοῦτον
402 2149 472 2252 ἔχει
491 2145 553 2226 τδν
572 2148 715 2250 τρόπον.
775 2149 827 2226 Τί
842 2145 879 2225 δέ
899 2148 969 2248 ἄρα
984 2147 1154 2240 ἐβούλετο
1171 2149 1357 2245 σημαίνειν

256 2273 278 2370 ἡ
297 2275 353 2352 ἐπὶ
373 2271 443 2378 ὅνιρ
462 2271 589 2376 ὅχησις
606 2275 724 2370 αὑτοῦ,
739 2275 822 2352 ἀλλ’
840 2271 862 2372 ἢ
881 2272 946 2372 τὴν
964 2272 1131 2372 ταπεινὴν
1149 2279 1206 2354 καὶ
1225 2273 1379 2378 ἅδοξονε

256 2398 363 2476 airon
381 2401 592 2500 παρουσίαν,
605 2402 684 2478 καθ’
697 2399 741 2498 ἣν
760 2399 952 2498 ἐποιήσατο
965 2399 1030 2497 τὴν
1047 2401 1194 2501 πρώτην
1208 2401 1351 2505 ἅφιξιν;

257 2523 368 2620 οὔσης
395 2523 465 2624 γὰρ
495 2527 553 2603 καὶ
584 2527 745 2627 δευτέρας
772 2526 928 2630 ἐνδόξου,
950 2530 1031 2628 περὶ
1059 2527 1100 2624 ἧς
1128 2529 1186 2605 καὶ
1214 2526 1357 2624 Δανιὴλ

259 2646 474 2752 γυμνότερον
503 2649 734 2730 ἐκκαλύπτειν
761 2649 827 2747 τὴν
855 2653 1004 2752 θεωρίαν
1032 2651 1176 2752 εἴρηκεν,
1194 2650 1358 2758 Ἐθεώρουν

444 2885 456 2914 ¹
472 2874 508 2930 ale
522 2891 575 2928 om.
592 2875 623 2930 P.
712 2884 728 2928 l
741 2877 756 2928 δ
770 2893 825 2930 om.
842 2878 872 2930 P.
964 2885 978 2916 ²
993 2877 1129 2948 εὑρήσεται
1144 2879 1172 2932 S.

259 3056 433 3128 repentibus.
477 3060 515 3113 Et
527 3059 714 3134 principatum
729 3063 855 3118 obtinebit
870 3081 887 3118 ο
902 3063 972 3119 muri
986 3065 1118 3137 usquead
1132 3083 1213 3131 arare,
1229 3074 1255 3121 et
1269 3065 1356 3142 aflu-

257 3137 373 3191 minibua
389 3155 439 3208 per
453 3143 665 3210 experrectiones
683 3151 769 3197 terra.
812 3142 908 3208 Quum
923 3143 984 3199 haec
997 3153 1062 3217 post
1076 3143 1197 3201 reditum
1212 3146 1248 3203 de
1263 3147 1355 3220 Baby-

257 3215 323 3271 lone
341 3217 500 3273 novisoimis
523 3219 722 3294 prophetarum
742 3222 916 3296 temporibus
934 3223 1085 3280 Zacharias
1106 3225 1247 3291 cecinerit,
1262 3225 1357 3282 nullus

258 3303 322 3369 post
346 3296 407 3370 ejus
435 3299 590 3372 prophetiae
618 3308 730 3375 tempus
752 3321 801 3358 rex
827 3304 900 3376 apud
923 3301 1040 3360 Judaeos
1062 3304 1149 3360 suisne
1173 3317 1355 3373 memoratur.

259 3377 369 3450 qualem
394 3377 456 3434 haec
480 3379 627 3454 prophetia
649 3381 791 3442 describit.
815 3383 868 3438 nisi
890 3403 964 3440 unua
989 3385 1136 3440 dumtaxat
1164 3384 1296 3443 Salvator
1322 3405 1356 3443 ac

258 3457 397 3513 Dominus
412 3467 509 3515 noster
522 3459 539 3515 J
542 3479 615 3525 esus,
629 3459 759 3517 Christus
775 3460 841 3527 Dei,
853 3464 933 3538 cujus
947 3474 1073 3537 tempore
1089 3464 1143 3521 hoc
1157 3484 1269 3540 quoque
1283 3468 1354 3522 vati-

257 3537 360 3592 cinium
376 3557 458 3594 suum
478 3540 563 3595 finem
584 3549 629 3595 eat
644 3552 836 3606 consecutum,
853 3562 939 3616 quum
960 3545 997 3599 ad
1017 3563 1084 3600 suos
1105 3545 1256 3620 discipulos
1271 3547 1357 3604 verba

96 3631 232 3680 ustam.
257 3615 305 3671 illa
318 3618 399 3686 dixit,
414 3619 455 3673 lte
468 3620 496 3673 iu
510 3622 596 3674 oleum
612 3621 660 3692 qui
673 3628 767 3676 contro
782 3640 828 3678 vor
843 3631 891 3686 est,
901 3631 928 3678 et
941 3624 1080 3680 ὶιιοειιίαὶι
1093 3628 1196 3680 astream
1211 3635 1238 3682 et
1249 3628 1356 3699 pullum

257 3698 413 3770 ollipntum.
454 3697 557 3754 Solvite
578 3699 655 3755 illum
679 3707 705 3756 et
730 3702 876 3758 adducite:
899 3711 925 3759 et
945 3706 967 3758 ui
991 3706 1049 3776 quia
1069 3705 1142 3760 vobis
1161 3707 1269 3770 dinerit,
1290 3709 1357 3779 qaid

247 3775 376 3850 suellis?
396 3779 477 3834 dieite
498 3778 549 3843 illi,
566 3779 702 3834 Dominus
724 3779 765 3834 lria
786 3783 895 3855 ἐπαίρει.
937 3783 978 3838 Et
993 3783 1118 3840 adeuntes
1132 3786 1175 3840 illi
1178 3785 1310 3859 fererant
1325 3794 1356 3841 ut

254 3865 419 3928 praeeperat
438 3858 494 3912 illio
512 3857 601 3914 Jeouo.
645 3858 682 3914 Et
697 3877 730 3914 ea
750 3860 862 3932 quidem
882 3881 944 3934 quae
965 3863 1008 3918 vel
1029 3863 1065 3918 ad
1087 3864 1231 3920 oraculum
1253 3865 1298 3921 vel
1318 3866 1368 3922 ad·

256 3936 361 3990 oraculi
382 3946 514 3992 eventum
540 3938 682 4010 pertinent
706 3939 734 3993 in
760 3939 835 3996 hunc
858 3942 974 3998 modum
995 3961 1025 3998 se
1046 3943 1162 4000 habent.
1206 3943 1264 4000 Sed
1286 3946 1356 4018 quid

256 4013 370 4068 tandem
392 4015 444 4070 sibi
459 4016 520 4072 vult
538 4018 599 4073 haee
620 4017 693 4074 illius
712 4019 741 4073 in
759 4019 837 4076 asino
852 4022 984 4086 vectatio,
1000 4022 1054 4076 nisi
1075 4022 1208 4079 humilem
1230 4024 1304 4080 iltius
1325 4035 1356 4082 et
1462 4059 1469 4071 ·

256 4089 406 4148 obscurum
426 4095 586 4167 significare
610 4097 774 4162 adventum,
797 4101 876 4174 eujus
898 4109 1026 4174 tempore
1051 4102 1171 4176 primum
1198 4104 1284 4177 ipsius
1306 4123 1353 4160 ae·

256 4185 365 4223 cessum
381 4173 511 4242 peregit?
527 4193 591 4229 nam
607 4185 651 4231 eet
665 4177 736 4232 alter
750 4179 817 4234 item
832 4180 981 4253 gloriosus,
996 4182 1032 4237 de
1047 4201 1102 4254 quo
1113 4182 1216 4239 Daniel
1229 4186 1355 4258 apertius

95 4255 201 4302 onaan
255 4245 378 4315 prodens
401 4266 462 4318 quae
487 4253 703 4324 contemplanda
727 4257 784 4312 sint
808 4259 934 4332 exponit.
958 4262 1131 4334 Arpini-elram
1155 4265 1239 4319 donec
1261 4265 1356 4320 throni
