3142 4720
264 239 330 308 οοο
730 239 915 306 nusum}
1339 241 1515 324 μαρι-

264 401 426 506 διαφίρσι
458 401 504 482 ἂν
535 405 657 507 φιονῆς
686 404 743 484 ἐπὶ
775 406 911 504 τῇτσῦ
941 401 1076 503 Κυρίου
1103 407 1151 484 εἰς
1180 401 1364 502 Αἴγυπτον

263 528 445 633 παρουσίᾳ
468 528 660 630 λεγούσης,
678 525 949 634 ς’πςγιρθήσεοθιιι
979 531 1183 628 Αἰγυπτίους
1211 533 1287 608 κατ’
1303 536 1365 608 Ai-

263 655 425 754 γυπτίυι,
457 663 516 734 καὶ
546 658 766 757 ’πολιριιὶτιιι
793 652 955 760 ἄνθρωποι
983 653 1035 734 τὶν
1062 650 1213 758 uidendis
1240 657 1387 747 αῦτοῦςε

265 779 338 856 Καὶ
364 775 527 876 υόμοςδέ
552 782 573 859 ὁ
598 783 661 878 τῆς
686 783 808 878 καινῆς
831 775 1000 878 διαθήκης
1022 786 1087 858 τοῦ
1114 783 1278 881 Χριστοῦ
1306 781 1363 859 ἐπὶ

265 901 373 1003 νόμον
404 902 468 985 τὸν
499 909 563 1005 τῆς
592 904 772 985 πσλυθέου
802 905 1075 1000 δεισιδαιμονίας
1107 904 1277 1005 ηγείοετο,
1303 903 1362 984 ὅτε

263 1037 336 1111 τῶν
358 1036 629 1133 εῖδοιλολατρῦν
653 1033 764 1110 ἐθυιῦν
788 1029 894 1128 νόμος
913 1027 978 1128 τὴν
1002 1035 1166 1132 Χριστοῦ
1191 1037 1362 1130 πολεμοῦν

264 1161 511 1255 διδασκαλίου,
528 1158 636 1242 πόλις
657 1192 696 1238 τε
721 1160 778 1237 καὶ
806 1157 968 1238 πολιτεία
990 1162 1054 1256 τῆς
1075 1159 1114 1236 ἐν
1131 1163 1284 1264 Χριστῷ
1306 1162 1362 1238 ἐκ-

264 1285 418 1386 κλησίας
441 1291 514 1368 τοῖς
536 1290 608 1364 τῶν
632 1283 797 1364 ἀπίστων
822 1285 933 1362 ἐθνῶν
956 1279 1217 1380 πολιτεύμασιν
1244 1283 1405 1366 iuravi-10

228 1444 390 1493 1ιστατο.
450 1409 520 1492 Διὸ
548 1409 724 1507 λέλεκται,
748 1411 851 1494 πίλις
879 1412 933 1489 ἐπὶ
962 1409 1073 1498 πίλα,
1100 1412 1159 1488 καὶ
1184 1411 1279 1515 ιίμις
1305 1410 1361 1490 ἐπὶ

266 1541 369 1642 νόμον.
421 1534 536 1617 Ἔστι
564 1534 601 1614 δέ
628 1537 686 1615 ἐπὶ
713 1531 850 1618 τούτοις
877 1531 960 1617 τοῦς
985 1533 1199 1634 Αίγταττίους
1225 1531 1362 1616 πάντας

263 1660 346 1746 τοῦς
363 1660 635 1763 εἰδωλολάτρας,
654 1658 752 1738 τότε
777 1661 943 1761 ἐνεργοῦν
964 1661 1002 1738 ἐν
1024 1660 1142 1742 αὐτοῖς
1158 1663 1223 1758 τῆς
1239 1662 1357 1738 ἐἰδω-

265 1789 477 1890 λολατρείας
503 1793 653 1884 πνεῦμα,
672 1787 828 1865 συνιδεῖν
846 1782 1124 1888 ταραττομένους
1151 1785 1260 1866 εῖσέτι
1287 1791 1360 1880 νῦν,

265 1913 323 1990 καὶ
349 1910 475 1991 πολλὰ
501 1911 566 2010 μέν
590 1911 869 2007 βουλευομένους
896 1911 988 1992 κατὰ
1014 1915 1078 2010 τῆς
1104 1919 1169 1991 τοῦ
1196 1918 1361 2014 Χριστοῦ
1369 1927 1401 1990 Ρ·
1415 1923 1490 1992 299

264 2037 508 2135 διδασκαλίας,
526 2039 574 2120 ὡς
601 2033 645 2116 ἂν
673 2035 845 2129 σβέσοιευ
872 2035 994 2136 αὐτὴν,
1012 2040 1071 2116 καὶ
1100 2037 1144 2143 ἐξ
1163 2040 1362 2140 ἀνθρώπων

263 2164 485 2268 ἇφανίσοιεν,
503 2163 873 2260 ιδιασκεδαυνυμέυους
900 2162 938 2242 δέ
968 2161 1037 2244 ὑπὸ
1064 2171 1129 2244 τοῦ
1155 2169 1261 2260 Θεοῦ,
1284 2163 1357 2270 φή·

263 2321 396 2373 σαυτος
423 2291 461 2368 ἐν
487 2294 533 2392 τῇ
559 2289 771 2394 προφητείᾳ,
800 2298 858 2368 καὶ
888 2286 1133 2394 ταραχθιὶτιται
1163 2291 1199 2370 τὶ
1229 2292 1384 2394 πνεῦμας

264 2415 325 2496 τοῖν
351 2421 542 2517 Αἰγυπτίαν
569 2417 598 2496 ἐν
627 2420 750 2507 αὐτοῖς,
773 2426 832 2498 καὶ
858 2415 912 2509 την
936 2415 1060 2510 βουλῖμ
1087 2417 1194 2498 aiecii
1221 2413 1362 2498 διασκε-

228 2535 373 2622 ιοθιίσω.
434 2541 557 2643 Μαρία
584 2539 623 2620 δέ
650 2540 724 2620 ὅσα
749 2542 1008 2642 πυνθανόμενοι
1036 2546 1095 2622 καὶ
1121 2545 1363 2645 ἐπερωτῶντες

242 2669 346 2748 ’καθ’
375 2668 477 2766 ἡμῶν
507 2667 545 2746 ἐν
577 2699 615 2747 τε
648 2677 825 2771 χρησμοῖς
853 2671 912 2748 καὶ
941 2669 1119 2766 μαντείαις
1148 2667 1230 2753 τοῦς
1262 2667 1364 2754 θεοὺς

306 2853 319 2885 ¹
333 2847 454 2915 πολεμεῖν
468 2845 496 2901 S.
642 2852 654 2886 Ι
668 2843 867 2917 είδολολστρίσς
885 2847 916 2901 P.
931 2855 962 2900 ut
975 2847 1049 2918 vulg.
1065 2846 1095 2900 S.
1230 2845 1361 2902 ‘ducta

265 2926 418 2995 δσνυμίνσυς
432 2925 464 2980 Ρ.

265 3094 381 3133 mum.
424 3075 496 3134 Hssc
509 3077 584 3134 euim
599 3077 628 3135 in
644 3098 700 3152 qno
713 3079 830 3137 tandem
843 3099 862 3136 u
874 3097 947 3137 voce
960 3079 1125 3154 prophetice
1142 3079 1284 3144 differunt.
1298 3099 1362 3154 quus

266 3173 323 3230 qno
336 3163 464 3228 tempore
474 3155 616 3214 Dominus
625 3158 655 3215 in
665 3159 826 3234 AEgyptum
837 3159 977 3224 adveniet,
987 3160 1026 3216 ait
1039 3167 1207 3217 suffecturos
1213 3161 1363 3235 AEgyptios

267 3244 360 3292 contro
373 3235 529 3311 AEqpptios,
545 3245 572 3294 et
592 3237 690 3296 bellum
710 3248 848 3314 pestutum
869 3239 1002 3296 homiuem
1018 3248 1113 3297 contro
1122 3239 1245 3314 frumen
1258 3243 1363 3298 mm?

265 3315 346 3373 Ἰλιαο
359 3333 428 3372 vero
442 3315 508 3373 novi
522 3319 685 3375 testamenti
704 3319 761 3384 lex,
776 3319 857 3393 cujus
871 3319 1002 3377 Christus
1021 3321 1131 3385 author,
1146 3329 1246 3378 contro
1265 3321 1360 3394 legem

266 3395 483 3472 superstitionis,
498 3397 528 3454 in
549 3416 604 3472 qne
621 3398 715 3473 plures
737 3400 775 3457 dii
796 3399 970 3465 colebantur,
985 3401 1116 3466 surrexit,
1131 3419 1218 3475 quum
1232 3401 1362 3458 videlicet

265 3477 393 3552 gentium
408 3476 579 3535 simulachro
591 3479 769 3536 odorantium
782 3479 839 3545 lex,
851 3479 959 3537 christi
973 3480 1130 3537 doctrinam
1142 3499 1320 3557 oppugnans,
1332 3489 1362 3538 et

266 3557 366 3616 civitas
379 3577 412 3614 ec
425 3558 583 3633 respublica
603 3561 666 3634 ejus
684 3559 809 3618 ecclesiae
824 3579 886 3634 quae
900 3560 929 3616 in
944 3559 1059 3617 Christo
1074 3560 1212 3625 consistit,
1227 3561 1362 3618 adversus

264 3638 336 3696 ritus
350 3646 434 3712 utque
448 3639 578 3696 instituto
590 3657 649 3696 non
663 3639 838 3697 credentium
852 3641 999 3697 nationum
1012 3640 1148 3697 suscitate
1160 3649 1213 3697 est.
1246 3641 1291 3698 Ex
1305 3659 1362 3715 quo

265 3718 334 3774 illud
358 3717 465 3774 dictum
486 3728 539 3781 est,
564 3719 666 3776 Ciuitas
687 3722 815 3778 ααυοτςιις
837 3723 981 3785 ciuitatem,
1000 3727 1027 3776 et
1051 3720 1095 3777 les
1116 3722 1246 3778 adversust
1265 3722 1361 3793 legem

265 3797 375 3854 Deinde
388 3797 455 3854 licet
468 3797 551 3872 plene
565 3799 719 3874 AEgyptios
732 3808 762 3856 et
775 3818 874 3857 ornnes
888 3799 1121 3856 simulachrorum
1136 3800 1267 3866 cultores,
1281 3819 1360 3858 eum·

266 3895 320 3949 que
343 3877 391 3950 qni
415 3878 444 3933 in
464 3877 533 3953 ipsis
552 3879 611 3936 vim
634 3897 714 3936 sunm
735 3887 849 3937 exercet
869 3879 1077 3954 superstitionis
1101 3879 1238 3954 spiritum.
1259 3880 1363 3938 intueri

266 3956 352 4013 etium
372 3975 448 4013 nunc
468 3959 656 4031 perturbatos,
670 3967 700 4016 et
712 3959 833 4016 multum
849 3959 962 4034 quidem
981 3959 1184 4024 consultantes.
1199 3969 1228 4017 et
1242 3960 1360 4017 commi·

265 4035 407 4093 niscentes
428 4045 528 4094 contro
550 4037 657 4097 Christi
680 4039 848 4104 doctrinam,
872 4049 905 4097 nt
931 4059 994 4096 enm
1019 4040 1188 4115 extinguunt
1214 4049 1298 4114 utque
1325 4059 1361 4098 cx

265 4114 427 4172 hominibus
451 4116 573 4183 deleant,
595 4119 721 4194 dispergi
745 4129 840 4178 entem
863 4139 897 4177 uc
919 4120 1048 4194 dissipari
1072 4139 1089 4176 a
1109 4119 1181 4185 Deo,
1204 4120 1252 4195 qui
1271 4119 1312 4176 sit
1331 4120 1361 4177 in

265 4193 328 4267 ipse
340 4194 498 4268 prophetia,
514 4197 552 4252 Et
571 4201 778 4257 conturbabitur
790 4203 903 4275 spiritus
916 4201 1111 4274 AEpyptiotum
1127 4203 1155 4256 in
1169 4203 1217 4265 eis,
1231 4209 1257 4258 et
1276 4203 1361 4258 cousi-

265 4273 332 4328 iium
346 4291 438 4330 eorum
451 4276 594 4347 dissipabo.
635 4278 787 4352 Quumque
807 4279 1022 4337 imummbiln
1035 4279 1092 4336 siut
1106 4297 1169 4353 quse
1184 4279 1362 4355 interrogent
