3142 4720
55 245 187 327 -296.
442 250 672 317 nnuousu.
695 250 864 316 nunno.
887 253 947 316 v1.
964 269 1016 316 ιο.
1232 253 1297 320 εοο

174 415 343 517 ελέγεται
362 421 382 499 ό
403 419 535 522 Κύριος
554 423 734 521 ἐπιδημεῖν
751 455 796 525 τη
817 421 1001 528 Αἰγύπτῳ.
1060 419 1157 501 Πότε
1176 418 1214 500 δί
1238 422 1319 503 καίε

199 541 409 646 Ιἱστόρηται
433 545 480 624 τά
506 549 544 626 ἐν
568 554 612 652 τῇ
636 549 837 654 προφητείᾳ
864 547 1027 650 εἰρημένα
1048 546 1173 630 τέλους
1195 579 1295 626 τετυ·

198 667 352 770 χηκέναι,
380 671 416 751 τί
448 671 624 765 retr-diras,
648 673 755 772 λέγω,
783 671 830 754 roi
858 668 983 752 εἴδωλα
1012 671 1059 753 τίι
1085 675 1297 775 χειροποίητα

199 791 387 892 Αἰγύπτου,
407 797 465 874 καί
483 795 526 877 τὸ
545 799 762 899 Αἰγυπτίους
781 798 986 898 Αἰγιπττίοις
1010 801 1216 896 πολεμῆσαι
1239 795 1298 875 διοί

198 915 265 1016 τὴν
282 927 347 998 τοῦ
368 921 501 1024 Κυρίου
519 928 567 1007 εἰς
585 923 794 1025 ἀνθρώπους
812 923 1025 1026 παρουσίαν·
1047 925 1105 1001 καί
1123 919 1195 1005 τοῦς
1210 919 1295 1006 θεοίις
1308 958 1337 994 ιο

200 1043 316 1140 αὐτῶν,
333 1047 472 1145 δηλαδὴ
491 1047 572 1132 τοῦς
591 1050 769 1147 δαίμονας,
788 1048 915 1129 πολλὰ
938 1045 980 1128 τῦ
1004 1047 1160 1127 παλαιὸν
1184 1051 1293 1126 δυνα-

199 1169 336 1266 μένους,
353 1173 478 1271 μηκέτι
500 1174 647 1278 ἰσχύειν,
665 1175 716 1273 μὴ
735 1174 773 1254 δὲ
791 1175 1052 1276 ἀποκρίνασθαι
1069 1179 1143 1257 τοῖς
1158 1176 1320 1275 ε’περω·ο

199 1300 291 1372 τῶσι
310 1293 367 1373 διὰ
385 1295 428 1376 τίι
446 1307 509 1376 τοῦ
531 1300 664 1401 Κυρίου
683 1297 770 1395 δέος,
784 1305 832 1382 εἰς
846 1305 966 1403 χεῖρας
984 1296 1021 1376 δὲ
1038 1299 1150 1378 ποίων
1167 1301 1297 1400 κυρίων

199 1428 382 1522 σκληρῶν,
409 1424 523 1502 ποίων
552 1421 590 1502 δὲ
617 1423 802 1520 βασιλέων
830 1423 921 1522 μετὰ
947 1422 1014 1522 τὴν
1043 1422 1297 1526 θεσπιζομένην
1405 1411 1410 1422 ’

200 1552 265 1624 τοῦ
284 1547 418 1650 Κυρίου
444 1549 646 1652 παρουσίαν
671 1547 851 1652 παρεδόθη
879 1548 1071 1650 Αἰγιπτος,
1091 1552 1150 1628 καί
1178 1547 1236 1628 διά
1262 1550 1300 1627 τί
1305 1581 1319 1630 s

205 1675 339 1776 Κυρίου
363 1673 539 1777 παρόντος
566 1684 740 1779 σκληροῖς
767 1677 920 1780 ἀρχονσι
944 1678 1208 1779 παραδίδονται·
1239 1678 1298 1754 καί

202 1798 247 1879 τὰ
270 1799 382 1879 λοιπὰ
406 1798 443 1880 δὲ
469 1801 606 1885 τούτοις
627 1804 892 1904 παραπλησίως
911 1805 931 1882 ὁ
948 1801 1168 1898 βουλόμενος
1186 1806 1294 1904 ἑρμη·

176 1923 376 2004 όνενσάτω.
421 1927 549 2023 Ἡμεῖς
572 1925 643 2029 γὰρ
668 1928 732 2008 οῦκ
760 1929 884 2012 ἄλλως
911 1928 1023 2007 ταῦτά
1047 1937 1167 2032 φαμεν
1191 1929 1293 2008 σννί·

201 2056 363 2130 στασθαι
395 2048 418 2151 i]
447 2051 506 2130 διά
532 2050 643 2152 μόνης
670 2057 734 2150 τῆς
764 2061 827 2132 τοῦ
856 2057 1024 2155 Σωτῆρος
1050 2055 1150 2153 ἡμῶν
1173 2053 1297 2153 Ἰησοῦ

201 2180 366 2277 Χριστοῦ
390 2183 438 2257 εἰς
464 2178 673 2280 ἀνθρώπους
696 2180 911 2282 ἐπιφανείας.
970 2180 1088 2263 Οῦτος
1106 2179 1177 2282 γάρ
1202 2185 1297 2259 Θεοῦ
1307 2225 1337 2260 ιο

202 2300 322 2402 Λόγος
349 2299 399 2380 οῦν
431 2306 488 2381 καί
517 2308 613 2382 Θεοῦ
645 2303 792 2400 δύναμις
818 2303 911 2384 κατά
938 2304 1094 2385 διάνοιαν
1121 2308 1180 2384 καί
1205 2304 1326 2407 πρῦςᾱ

201 2423 302 2531 λέξιν
340 2427 563 2528 ἐπιδημήσας
596 2435 641 2534 τῇ
675 2431 881 2531 Αἰγυπτίων
912 2432 1013 2536 χώρᾳ
1050 2429 1108 2510 διά
1144 2413 1297 2536 νεφέλης

200 2550 338 2656 κούφης
355 2553 511 2657 ἐπλήρου
529 2554 576 2634 τὰ
592 2558 891 2659 προηγορευμεῦα.
947 2555 1100 2664 Νεφέλην
1119 2553 1155 2637 δί
1176 2559 1296 2665 κούφηί

199 2679 452 2780 ἀλληγορικεῦς
472 2678 632 2782 ὀνομάζει
654 2679 720 2780 τὴν
742 2683 785 2760 δι’
806 2683 848 2761 οῦ
873 2684 1043 2788 ἀνείληφε
1067 2683 1236 2779 σώματος
1258 2688 1318 2771 ε’κε

561 2858 577 2904 3
592 2851 745 2924 ἰστορεῖται]
762 2851 896 2925 ἱστόρηται
910 2852 943 2907 Ρ.

201 2992 341 3067 AEgypto.
383 2993 422 3050 Et
442 2994 555 3068 qnando
575 2995 718 3052 memoriae
739 2995 882 3069 proditum
902 2996 948 3062 sit,
966 3013 1008 3064 en,
1023 3015 1085 3070 quae
1106 2994 1135 3051 in
1156 2994 1210 3051 hac
1231 3013 1296 3069 pro·

200 3071 298 3146 photio
317 3073 508 3141 continentur,
533 3075 619 3130 finem
643 3075 807 3150 contigisse,
829 3084 961 3133 commota
983 3094 1044 3141 erse,
1066 3076 1189 3150 inquam,
1211 3077 1295 3132 simu·

201 3152 296 3208 ἰοείιτα
320 3173 402 3210 muru
416 3153 501 3228 suctu
515 3154 644 3229 AEqypti,
669 3163 698 3212 et
720 3155 875 3230 AEgyptios
898 3175 963 3212 cum
982 3155 1129 3231 AEgyptiis
1154 3174 1296 3231 pugnasse

200 3241 317 3307 propter
336 3232 452 3289 Domini
475 3235 511 3290 ud
530 3234 660 3292 homines
680 3235 842 3301 adventum,
861 3244 890 3292 et
914 3237 991 3294 Deos
1012 3238 1131 3304 illorum,
1153 3236 1297 3293 daemones

200 3311 340 3377 videlicet,
356 3313 403 3387 qui
418 3313 537 3370 multum
555 3314 633 3388 prius
647 3315 786 3380 valebunt,
802 3315 872 3371 nihil
892 3317 1012 3389 emplius
1034 3334 1124 3390 posse,
1141 3333 1231 3390 neque
1252 3333 1295 3373 re·

201 3393 340 3466 spondere
354 3393 563 3450 sciscitantibus
576 3403 692 3469 propter
702 3394 817 3451 Domini
831 3396 972 3459 timorem,
984 3403 1013 3452 et
1027 3395 1056 3450 in
1070 3414 1190 3470 quorum
1204 3395 1295 3451 domi·

201 3490 302 3529 norum
316 3491 427 3539 monus,
442 3474 489 3548 qui
504 3475 596 3551 asperi
609 3475 765 3538 extiterint,
781 3493 935 3549 quorumve
956 3493 1065 3549 regum,
1081 3483 1145 3550 post
1161 3492 1225 3530 eum
1246 3475 1294 3548 qui

201 3551 248 3608 hic
270 3553 380 3609 canitur
401 3553 516 3610 Domini
544 3553 697 3611 adventum
724 3555 829 3611 tradite
853 3554 890 3609 sit
908 3554 1062 3628 AEgyptus,
1086 3561 1115 3610 et
1142 3571 1227 3627 quam
1255 3553 1293 3610 ob

202 3649 262 3688 rem
289 3632 413 3689 Domino
444 3644 583 3708 proesente
609 3634 781 3708 principibus
810 3633 916 3708 asperis
945 3633 1102 3697 trudantur,
1130 3641 1160 3688 et
1187 3631 1294 3706 reliquo

200 3711 299 3769 endem
313 3713 422 3770 ratione
436 3733 499 3770 cum
519 3713 552 3770 iis
570 3733 632 3788 quae
650 3714 726 3770 dicta
746 3722 821 3779 sunt,
837 3713 884 3788 qui
898 3714 966 3771 velit
978 3713 1187 3786 interpretetur.
1230 3712 1294 3774 Nos

200 3792 275 3850 enim
289 3811 347 3848 non
361 3793 430 3850 elios
440 3793 502 3850 haee
515 3792 634 3850 dicimus
648 3793 784 3858 extitisse.
793 3793 884 3868 ‘quum
899 3795 950 3850 sub
965 3811 1051 3850 unum
1069 3792 1216 3850 dumtaxat
1231 3790 1293 3850 Sel-

199 3871 307 3928 vatoris
320 3881 418 3929 noster
430 3873 500 3930 Jesu
514 3873 620 3930 Christi
634 3873 670 3929 nd
684 3873 814 3935 homines
830 3875 991 3938 adventum,
1034 3873 1090 3929 Hic
1111 3873 1187 3932 enim
1208 3891 1294 3947 quum

199 3951 256 4008 Dei
270 3951 396 4008 Verbum
411 3953 448 4009 sit
462 3960 492 4009 et
505 3954 559 4010 Dei
573 3954 670 4018 virtus.
684 3962 742 4010 tum
757 3953 781 4010 si
796 3954 831 4013 od
849 3972 962 4012 sensum
982 3972 1065 4028 qnam
1084 3953 1109 4009 si
1127 3954 1294 4020 adverbum

200 4030 331 4104 accipies,
348 4040 476 4089 versatus
496 4033 526 4089 in
547 4033 663 4107 regione
684 4033 886 4108 AEgyptiorutn
909 4053 959 4109 per
978 4033 1084 4090 nubem
1104 4033 1195 4090 levem
1216 4052 1293 4094 εοεαε

200 4111 287 4186 plevit
300 4129 335 4168 es
354 4131 416 4186 qnae
430 4113 565 4187 predicta
578 4113 699 4170 fuerant.
730 4113 839 4170 Nubem
854 4132 922 4170 vero
937 4115 1020 4170 lenem
1034 4113 1154 4189 figurate
1169 4113 1297 4188 nominat

159 4241 163 4248 .
199 4192 454 4248 commorationem
469 4193 529 4268 ejus
543 4193 617 4250 inter
630 4193 771 4257 homines,
786 4211 841 4267 qun
854 4211 905 4266 per
921 4211 1032 4268 eorpus,
1048 4193 1124 4268 qnod
1137 4192 1172 4250 de
1188 4193 1296 4270 virgine

199 4280 229 4328 et
243 4270 352 4346 Spiritu
373 4281 472 4329 sancto
491 4272 652 4347 assumpsit.
669 4291 736 4329 usus
750 4265 811 4329 est:
835 4272 967 4332 nimirum
983 4271 1221 4347 quemadmodum
1236 4272 1295 4342 Hc·

757 4384 805 4422 Η
