3108 4708
459 253 686 322 DEMONST.
711 257 881 324 EVANG.
908 261 952 323 X.
971 259 998 323 8.
1239 259 1304 330 969

197 436 284 487 ποτε
317 419 614 520 κυοφορουμένων
644 421 701 500 ἐπὶ
734 431 909 503 τοσοῦτον
938 427 1057 524 παρῆν
1089 413 1215 522 &perric
1243 423 1302 502 καὶ

197 534 387 635 δυνάμεως,
425 539 520 623 ὥστε
558 552 758 626 καθεστῶτι
800 553 969 654 λογισμῷ
1006 551 1065 628 καὶ
1106 546 1326 655 ἀσυγχύτῳο

196 665 300 767 ψυχῇ
326 668 494 776 νηφαλίφ
520 703 558 749 τε
586 671 789 776 φρονήματι
812 680 908 754 Θεοῦ
930 681 1068 774 γνῶσιν
1095 678 1301 791 ἀναλαβεῖν,

196 791 255 867 καὶ
282 797 407 872 πᾶσαν
430 796 488 874 ἐπὶ
513 793 577 878 τὸν
596 795 691 877 θεὸν
716 801 915 902 ἀναρτῆσαι
940 802 1048 880 αὑτοῦ
1071 798 1137 898 τὴν
1160 801 1301 904 ἐλπίδα,

197 909 284 992 ὥστ’
305 913 349 996 ἂν
375 923 494 1017 εἰπεῖν,
511 919 558 1000 'dri
579 919 620 1002 σῖι
643 921 675 1003 εί
696 933 711 1004 0‘
738 925 927 1010 ἐκστύσιις
943 960 989 1030 μι
1013 925 1053 1004 ιἰι
1068 924 1217 1032 χιιι-τρὶς
1235 955 1323 1028 ραι-5

197 1045 268 1146 τρίς
287 1079 364 1146 μου,
384 1050 401 1134 ἡ
424 1047 523 1131 ἐλπίς
544 1083 608 1150 μου
632 1049 703 1128 ιἰττδ
722 1049 863 1154 μωοτῶι
881 1049 938 1143 τῆς
956 1054 1073 1157 μητρύς
1092 1087 1169 1154 μου.
1218 1053 1304 1128 Ἐπί

199 1201 239 1245 σε
263 1168 431 1276 ι’τιρρίφηι
457 1171 495 1250 ιἰι
520 1172 661 1279 μίτρας,
683 1174 721 1252 ἓιι
749 1179 883 1260 κοιλίας
899 1180 1020 1282 μητρίς
1041 1212 1106 1280 μου
1129 1175 1211 1260 Θιίς
1234 1211 1300 1279 μου
1322 1255 1324 1262 ,

161 1288 231 1370 ιιεῖ
250 1293 302 1371 σύ.
353 1294 475 1377 ‘stent
498 1305 654 1382 τοιοῦτος
673 1304 755 1405 θεῷ
779 1305 1020 1400 μεμελημείιοο
1047 1297 1160 1385 incidor
1183 1298 1299 1406 ιἰιύριύ-

197 1453 268 1498 τοι
302 1419 427 1520 γέγονε
461 1431 521 1502 καὶ
554 1422 745 1530 ἑξουθένιμω
776 1429 864 1504 Mod
875 1465 885 1519 3
927 1425 995 1505 ὑπὸ
1028 1427 1133 1505 τίνων
1164 1423 1202 1505 δὲ
1238 1429 1296 1505 καὶ
1309 1460 1338 1494 ¹0

194 1545 368 1624 τοδατῶν
397 1545 549 1652 μόσχων
580 1553 638 1628 καὶ
671 1549 809 1651 ταύρων
841 1550 911 1654 χρὴ
944 1558 1036 1630 νοεῖν
1066 1548 1130 1631 τὸν
1161 1549 1325 1631 τοιόνδεᾶ

194 1677 471 1770 κεκυκλῶσθαις
514 1675 552 1753 τί
583 1673 621 1754 δὲ
650 1673 776 1754 παθὼν
805 1677 825 1753 ὁ
858 1672 1073 1775 δηλούμενος
1107 1680 1183 1756 ὡσεὶ
1215 1671 1295 1780 ὕδωρ

196 1794 349 1901 ἓξεχύθης
382 1802 439 1878 καὶ
465 1807 543 1884 πῶς
572 1796 800 1908 διισιιιρτίσύη
829 1805 927 1881 αὐτο]
949 1801 996 1882 ric
1020 1805 1126 1894 ι’στιῖς
1156 1801 1295 1884 rorte*

195 1927 240 2005 εἰς
257 1925 335 2018 χοῦν
353 1921 492 2004 tarano
513 1923 674 2023 κατήχθη,
688 1929 746 2004 καὶ
764 1930 951 2030 καταχθεὶς
968 1933 1017 2010 εἰς
1034 1934 1121 2030 χοῦν
1139 1923 1316 2009 θανάτουι

193 2044 239 2124 τὰ
266 2057 410 2128 τοιαῦτα
438 2057 547 2129 λαλεῖ
571 2050 622 2130 ἔτι
649 2054 707 2130 καὶ
735 2050 857 2154 ζῇκαὶ
882 2052 1100 2156 φθέγγεται;
1135 2051 1227 2135 τίνες
1254 2051 1292 2130 δὲ

194 2176 227 2249 οὶ
251 2169 351 2256 κύνει
374 2178 407 2252 οἱ
429 2176 679 2258 κυκλώσαντες
704 2173 821 2272 αὐτὸν,
841 2175 951 2278 ἕτεροι
976 2175 1075 2259 ὄντες
1091 2174 1191 2276 παρὰ
1209 2174 1292 2259 τούς

191 2298 536 2399 προωνομασμένους
554 2299 703 2404 ταύρους
727 2304 784 2380 καὶ
804 2299 990 2405 μόσχουι;
1021 2302 1108 2380 τοία
1135 2299 1174 2380 δὲ
1198 2336 1288 2382 συν·

192 2420 318 2524 αγωγὴ
344 2425 631 2526 πονηρευομένων
660 2426 724 2509 τὰς
750 2433 870 2531 χεῖρας
897 2428 940 2506 ού
965 2425 1076 2524 μόνον
1107 2425 1207 2506 ἀλλὰ
1233 2433 1292 2509 καὶ
1303 2469 1331 2505 ιο

191 2545 273 2631 τούς
304 2547 418 2634 πόδας
450 2559 514 2630 τοῦ
546 2552 757 2649 τηλικούτου
793 2549 946 2658 ὤρυξαν,
976 2551 1221 2636 ἀποδύσαντές
1252 2587 1291 2632 τε

189 2671 298 2752 αὐτὸν
322 2673 368 2753 τὰ
392 2675 457 2773 μίν
483 2710 563 2755 τινα
591 2679 764 2756 διείλοντο
788 2678 895 2755 αὐτοῦ
917 2683 989 2755 τῶν
1014 2675 1226 2774 ἐνδυμάτων,
1244 2678 1290 2756 τὰ

190 2797 228 2877 δὲ
257 2801 315 2878 καὶ
340 2799 463 2908 κλήρῳ
484 2800 658 2905 λαχόντες
681 2797 842 2896 ’ἔλαβον;
875 2799 982 2884 otte*
1009 2802 1031 2894 ἡ
1053 2801 1214 2905 ῥομφαία
1232 2805 1290 2880 καὶ

187 2999 263 3058 euim
277 3001 323 3058 oui
336 3021 460 3078 uuquam
474 3021 583 3070 eorum,
599 3021 670 3078 quoa
684 3003 713 3060 iu
729 3010 809 3060 utero
824 3011 914 3060 mater
928 3001 1091 3078 gestaverit,
1106 3009 1218 3060 tantum
1229 3001 1286 3060 vir-

187 3081 257 3137 tutia
282 3089 449 3158 tantumque
469 3083 572 3142 virium
600 3083 699 3148 adfuit.
721 3093 753 3140 ut
777 3083 918 3140 constanti
940 3083 1112 3158 cogitatione
1137 3082 1287 3156 animoque

187 3159 392 3235 imperturbato
413 3172 443 3220 et
463 3171 559 3220 mente
581 3164 675 3221 sobria
696 3171 725 3222 et
739 3173 834 3221 erecta
847 3164 901 3220 Dei
923 3163 1116 3239 coguitionem
1137 3163 1286 3237 occeperit,

186 3249 216 3296 et
229 3259 342 3298 omnem
363 3261 443 3300 enum
464 3261 544 3319 apem
569 3244 599 3300 iu
619 3244 682 3300 Deo
703 3243 889 3308 collocaverit,
909 3261 997 3318 neque
1019 3243 1090 3300 adeo
1112 3251 1143 3299 ut
1163 3243 1288 3316 potuerit

186 3320 289 3386 dicere,
304 3322 433 3397 quonium
448 3331 478 3380 tn
492 3343 519 3381 ea
533 3327 580 3397 qui
593 3325 734 3380 ατιιοοὶιιὶ
747 3325 833 3378 mede
846 3331 938 3379 uentre
952 3325 1046 3378 matria
1060 3340 1132 3386 τιατ,
1147 3341 1206 3394 upra
1226 3340 1286 3378 mea

185 3401 220 3456 αδ
233 3401 360 3458 uberibus
372 3405 469 3459 matris
482 3421 554 3468 nreae,
570 3406 597 3459 ia
612 3412 640 3459 te
655 3401 865 3478 projecturum
879 3421 912 3458 ω·
925 3409 1012 3466 utero,
1027 3403 1060 3458 de
1079 3407 1172 3456 uentre
1189 3403 1286 3456 mutrie

184 3498 249 3537 meoe
262 3481 342 3538 Deua
354 3500 429 3538 mens
442 3502 470 3539 er
484 3492 523 3540 tu.
566 3482 639 3551 Quia
652 3501 737 3557 porro
752 3500 874 3555 unquam
889 3480 937 3537 ubi
957 3481 1016 3554 ipse
1030 3487 1117 3536 tuntae
1131 3497 1206 3535 curae
1220 3479 1283 3536 Deo

184 3559 279 3624 tuerit,
308 3569 374 3636 pout
401 3563 574 3637 opprobrium
599 3563 734 3619 homiuum
758 3570 785 3618 ct
808 3559 923 3633 abjectio
946 3561 1040 3634 populi
1063 3559 1155 3615 factus
1177 3557 1283 3615 entia

184 3639 285 3711 quibus
307 3649 401 3698 autem
416 3650 445 3698 et
459 3642 618 3715 cujusmodi
631 3642 726 3698 vitulis
744 3649 793 3698 uut
807 3640 895 3697 tauris
914 3638 1131 3713 intelligendum
1150 3645 1194 3695 eet
1206 3637 1283 3694 huuc

183 3718 271 3776 tuisse
291 3721 509 3779 circundatum?
531 3730 560 3778 et
573 3722 641 3796 quid
654 3721 770 3778 tandem
784 3721 849 3777 huic
868 3721 921 3794 ipsi
935 3719 1045 3783 accidit,
1061 3727 1090 3775 nt
1112 3719 1191 3791 quari
1210 3736 1283 3790 aqua

184 3797 285 3872 σῇσιν
304 3801 367 3857 eit?
387 3809 417 3858 et
435 3801 578 3875 quomodo
596 3799 723 3875 ejusdem
738 3819 798 3858 oreo
816 3803 937 3876 dispereo
950 3798 1039 3855 ruat?
1061 3806 1090 3854 et
1104 3815 1159 3870 qua
1173 3795 1283 3854 ratione

184 3881 212 3934 in
231 3880 370 3951 puluerem
391 3884 486 3938 mertia
505 3883 635 3938 deductus
653 3882 719 3936 ert?
738 3889 768 3937 et
782 3879 866 3936 simul
879 3898 913 3936 ac
927 3879 957 3935 in
970 3878 1056 3935 telem
1071 3876 1216 3950 pulverem
1237 3886 1282 3933 eat

184 3956 331 4024 deductus,
346 3960 438 4018 adhuc
459 3969 489 4018 et
509 3960 576 4018 talia
595 3961 719 4034 loquitur
733 3968 763 4017 et
776 3959 845 4016 vivit
859 3967 889 4016 et
901 3957 1027 4014 vocalem
1047 3975 1077 4013 ae
1090 3955 1231 4030 praestat?
1252 3965 1281 4013 et

184 4037 299 4110 quinam
321 4039 369 4096 alii
390 4059 475 4096 cauea
496 4040 576 4096 illum
597 4039 834 4097 circundederunt
856 4045 1038 4112 praeterens,
1062 4055 1133 4110 quon
1155 4035 1228 4092 dixit
1251 4045 1280 4092 et

183 4123 281 4174 tuuroa
302 4127 332 4175 et
354 4119 477 4177 vitulos?
506 4120 581 4193 quod
603 4138 670 4176 vero
694 4117 843 4176 concilium
866 4115 1081 4192 malignantium
1106 4134 1164 4172 non
1188 4115 1280 4172 solum

184 4215 284 4254 manua
309 4199 466 4257 sedetiam
493 4199 580 4273 pedes
604 4200 720 4273 hujusce
743 4199 778 4256 de
800 4217 856 4272 quo
878 4215 971 4254 sermo
989 4205 1033 4253 est
1055 4195 1211 4252 foderunt?
1233 4195 1280 4270 qui

183 4275 269 4333 etiam
292 4287 442 4352 postquam
467 4279 587 4337 eundem
612 4287 760 4345 exuerunt,
781 4285 889 4352 purtem
913 4276 1025 4352 quidem
1048 4275 1280 4332 vestimentorum

225 4391 292 4429 von.
309 4393 345 4430 11.
766 4391 783 4447 3
800 4391 822 4429 ιι
