3144 4720
49 293 103 308 —
116 275 194 346 395.
441 263 667 330 DEMONS'I'.
694 265 861 332 EVANG.
888 269 984 332 VIII.
1005 287 1032 332 2.
1245 271 1309 336 787

205 419 313 500 αὑτὸν
334 423 547 524 Αὔγουστον
568 427 628 503 καὶ
650 425 708 504 ἐπὶ
726 424 895 525 Ἡρώδην
912 423 997 503 1’τὸν
1014 431 1157 527 πρῶτον
1174 427 1219 530 ἐξ
1235 429 1349 505 oili-10

206 545 373 654 λοφιίλου
392 548 516 648 γεύους
534 547 832 645 ιβασιλεύσοντα,
846 551 929 629 καθ’
941 549 1002 634 οὓς
1020 551 1041 648 ἡ
1059 559 1122 630 τοῦ
1142 555 1338 654 Σωτῆροςυ

205 672 306 770 ἡμῶν
330 676 454 773 Ἰησοῦ
482 680 647 775 Χριστοῦ
675 676 814 776 γένεσις
843 682 1034 776 ἱστορεῖται
1059 674 1305 784 Ιςπεριγραφο-

204 798 303 896 μένη,
318 805 348 876 εί
366 799 565 904 ἀρξάμενος
583 800 655 879 ἀπὸ
675 803 829 903 Δαρείου
848 805 906 881 καὶ
925 807 989 899 τῆς
1006 803 1307 904 συμπληρώσεως

162 953 192 1000 ιιι
204 932 269 1002 τοῦ
287 933 374 1003 ναοῦ
392 925 455 1004 τὸν
473 924 693 1025 δηλούμενον
710 926 861 1028 ἀριθμὸν
880 929 1097 1032 ἀναλογίοη.
1153 930 1306 1031 Δαρείου

204 1048 276 1151 γὰρ
299 1049 390 1128 κατὰ
415 1050 456 1129 τὸ
482 1050 645 1151 δεύτερον
664 1051 741 1134 ἔτος
760 1052 824 1131 τὸν
841 1054 1148 1153 ἑβδομηκονταετῆ
1176 1054 1328 1158 χρόνονὸ

203 1180 266 1274 τῆς
285 1176 497 1278 ἐρημώσεως
508 1175 747 1278 Ἰερουσαλὴμ
765 1179 1061 1281 συμπεπεράνθαι
1080 1183 1099 1258 ὁ
1117 1178 1305 1286 προφήτης

206 1303 387 1405 Ζαχαρίας
411 1306 519 1400 δηλοῖ
542 1300 669 1402 λε’γων,
689 1311 728 1416 τῇ
745 1299 889 1410 1τετροίίι
918 1312 978 1384 καί
1005 1303 1127 1394 einsidl,
1156 1313 1232 1413 ¹⁰ch
1256 1306 1306 1385 in-

204 1423 337 1534 deuairp
355 1435 443 1530 μηνὶ,
460 1431 560 1513 αὖτίς
574 1430 644 1509 ἔστι
660 1427 801 1520 Σαβατ,
817 1431 846 1508 ἑν
861 1437 907 1536 τῷ
922 1424 1055 1538 ίευτίρῳ
1069 1429 1131 1510 ires
1152 1433 1303 1537 Δαρείου,

202 1551 325 1653 ἐγένετο
355 1557 459 1654 λόγος
492 1556 602 1659 Κυρίου
630 1551 712 1658 τρίς
740 1558 919 1660 Ζαχαρίαν
949 1558 999 1636 τὶν
1030 1560 1084 1636 τοῦ
1119 1559 1300 1661 Βαραχίου.
1316 1595 1345 1630 ιο

160 1674 287 1757 ⁸¹Eid’
307 1678 389 1783 ε’ξῆς
414 1677 579 1779 ἐπιλέγει,
602 1687 661 1758 καὶ
687 1679 845 1783 ἀπεκρίθη
873 1690 888 1760 ί
913 1679 1071 1781 οίγγιλος
1095 1686 1221 1788 Κυρίου,
1243 1688 1330 1761 nate

205 1801 304 1892 εἶπεν,
327 1801 420 1909 Κύριε
444 1803 691 1911 παντοκράτωρ,
711 1805 771 1889 ἕως
790 1807 871 1890 τίνος
895 1811 928 1884 οὐ
947 1805 994 1908 μη
1014 1807 1147 1920 ἑλεῆσης
1173 1805 1226 1899 την
1243 1807 1305 1886 Ἱε-

204 1925 389 2033 ρουσαλίηι,
412 1937 472 2008 καί
493 1928 556 2014 rius
574 1932 692 2014 πίλοις
707 1925 829 2018 'ludim
849 1927 894 2014 air
913 1926 1076 2035 dnspsidsc
1095 1934 1183 2011 τοῦτο
1207 1927 1305 2023 iiddo-

203 2056 368 2156 pariaris
388 2056 471 2139 ἔτις’
500 2063 627 2134 τοῦτον
651 2052 695 2154 δὴ
722 2056 785 2134 οὖν
810 2053 918 2133 αὐτὸν
945 2061 995 2161 τῷ
1023 2057 1106 2162 θείιρ
1132 2055 1305 2154 πνεύματι

203 2181 411 2282 ”demptione
430 2183 450 2259 ὁ
469 2179 611 2280 Δανιὴλ
630 2178 693 2260 τὸν
711 2178 843 2283 χρόνον
860 2189 1070 2280 σημειοῦται
1088 2182 1217 2282 λέγων,
1237 2181 1327 2283 ἑγίνο

204 2305 483 2400 [taurinensium
509 2307 538 2388 iu
563 2312 640 2393 reis
659 2309 802 2400 βίβλοις
821 2305 871 2387 τίν
897 2307 1028 2414 &priuis
1053 2307 1114 2387 rain
1143 2307 1230 2398 ε’τῶν,
1251 2313 1306 2394 ⁰35

202 2429 327 2531 ἐγενηθη
346 2434 450 2532 λίγος
471 2431 583 2537 Κυρίου
604 2429 686 2541 arpis
704 2437 859 2538 Ἰερεμίαν
879 2432 930 2512 riu
953 2433 1130 2538 προφήτην,
1151 2441 1197 2516 είς
1216 2468 1304 2536 ουρ-

203 2556 370 2660 πληρωσιν
398 2555 586 2659 ἐρημώσεως
614 2553 1123 2665 1’Ἰερουσαλῖηιαἑβίοριιίκοντα
1152 2557 1216 2648 ira,
1244 2565 1303 2636 uui
1318 2593 1346 2627 ιο

205 2674 316 2758 iduum
336 2679 371 2758 ri
391 2683 566 2784 πρίοωπίν
584 2717 648 2782 μου
666 2680 748 2786 πρὶς
769 2681 878 2788 Κιίριον
899 2684 950 2761 riv
969 2683 1051 2760 Θείν
1069 2717 1147 2785 μου,
1167 2683 1222 2758 rad
1242 2682 1302 2760 ἑκ·

245 2826 332 2886 hrode
341 2831 472 2902 npairavs]
486 2831 533 2885 τὸν
540 2820 642 2901 πρῶτον
655 2833 715 2887 P.S.
829 2830 1073 2906 ίβασιλεύσοντος]
1092 2834 1159 2905 Leg.
1173 2832 1301 2896 βασιλεύ·

203 2929 287 2964 σαντα
300 2928 325 2964 v.
341 2930 367 2981 p.
377 2927 437 2984 394
447 2912 482 2965 D.
495 2914 554 2985 396
564 2911 596 2966 C.
646 2907 916 2984 krrepsypadops'uona
927 2914 957 2969 P.
1008 2908 1139 2986 1τετράδη
1155 2913 1185 2966 Ρ.
1237 2925 1261 2955 ¹¹¹
1277 2918 1305 2968 iu

203 2990 253 3062 τῷ]
270 2991 363 3044 inum.
381 2991 411 3044 P.
496 2991 650 3062 Βθεωρίσος
666 2992 694 3046 S.
785 2995 873 3066 οπερὶ
887 2991 931 3066 od]
949 2993 977 3049 da
991 2993 1024 3048 P.
1118 2992 1302 3064 ΡτῆςἹιρου-

204 3069 306 3142 solip]
325 3072 370 3139 τῆς
384 3089 440 3126 om.
457 3071 486 3124 P.

205 3189 360 3254 Herodem,
384 3191 431 3264 qui
459 3191 542 3265 primi
565 3192 675 3249 externi
703 3193 816 3265 generis
844 3202 1000 3266 regnarunt
1028 3213 1203 3269 quorumque
1231 3202 1302 3252 tem-

203 3269 318 3342 poribus
339 3269 496 3328 Salvatoris
517 3273 606 3328 nostri
620 3272 689 3329 Jesu
707 3272 814 3328 Christi
835 3281 914 3329 ortus
933 3274 1020 3329 inisse
1040 3282 1222 3338 memoratur,
1237 3293 1302 3348 pro-

203 3349 311 3424 pagari,
332 3351 356 3406 si
377 3351 463 3408 modo
482 3351 559 3409 hune
581 3369 664 3427 quem
686 3350 746 3407 dixi
768 3369 916 3408 numerum
938 3360 1052 3425 sumpto
1073 3353 1153 3409 initio
1176 3370 1192 3408 a
1216 3353 1303 3409 Dario

203 3429 357 3503 templique
371 3429 547 3488 absolutione
561 3431 722 3505 recolligas.
764 3428 815 3486 Ad
835 3431 990 3486 seeundum
1010 3431 1085 3486 enirn
1099 3431 1178 3487 Darii
1197 3450 1303 3488 annum

203 3515 316 3583 teinpus
330 3510 488 3568 solitudinis
504 3512 580 3568 urbis
597 3509 783 3574 Hierusalem,
798 3509 874 3583 quod
895 3511 1143 3585 septuagenarium
1160 3509 1223 3578 fuit,
1239 3529 1302 3584 per-

203 3588 314 3645 venisse
329 3590 467 3664 propheta
481 3590 633 3649 Zacharias
652 3589 759 3646 indicat
772 3589 817 3644 his
832 3588 941 3644 verbis:
967 3590 998 3646 ln
1013 3589 1056 3645 die
1070 3591 1191 3646 uicesimo
1206 3597 1302 3663 quarto
1403 3617 1427 3645 ,ι
1461 3634 1466 3644 .

202 3669 336 3724 undecimi
359 3673 454 3726 mensis
477 3672 514 3742 (is
539 3679 579 3728 est
602 3671 702 3741 Sabat)
733 3672 761 3725 in
784 3687 856 3726 annu
878 3671 992 3726 seeundo
1013 3669 1108 3733 Darii,
1125 3669 1239 3742 sactum
1263 3679 1302 3726 est

206 3747 322 3804 Verbum
338 3748 455 3806 Domini
467 3753 503 3808 ad
518 3751 682 3807 Zachariam
698 3750 792 3823 filium
808 3748 959 3806 Burneiiae.
1005 3749 1114 3805 Deinde
1135 3767 1303 3823 progressus

203 3826 350 3902 adjungit:
374 3837 400 3885 et
418 3833 553 3904 respondit
577 3831 691 3903 angelus
709 3831 824 3887 Domini
847 3837 874 3886 et
895 3831 974 3894 dieii,
994 3830 1113 3885 Domine
1135 3830 1303 3902 omnipotens
1402 3856 1422 3883 .ι
1436 3854 1467 3883 n.

203 3925 340 3980 quousque
354 3911 520 3968 misereberis
535 3910 707 3968 Hierusalem
721 3919 749 3967 et
764 3911 869 3968 urbium
882 3911 966 3974 Judn,
981 3927 1047 3984 quus
1067 3910 1210 3981 despexisti
1230 3908 1303 3966 dune

201 3989 425 4062 septuagesimum
436 3991 562 4047 οκιιυτη.9
583 3991 649 4047 Ηοο
659 3991 747 4064 igitur
756 3990 849 4065 ipsum
860 3997 972 4064 tempus
984 3989 1096 4054 Daniel,
1108 4007 1195 4062 quum
1205 3989 1301 4045 divino
1365 4023 1400 4052 sn.
1424 4042 1429 4061 ,
1440 4023 1457 4052 2,

203 4063 311 4140 Spiritu
330 4069 441 4126 afflatus
461 4070 587 4135 vidisset,
601 4070 646 4126 his
665 4070 758 4127 verbis
779 4069 906 4126 notavit:
932 4071 992 4141 Ego
1007 4069 1112 4126 Daniel
1131 4069 1254 4124 intellexi
1274 4072 1302 4124 in

203 4147 279 4202 libris
299 4166 440 4205 numerum
461 4168 603 4216 annorum,
618 4151 652 4204 de
672 4168 726 4222 quo
740 4149 841 4222 sactus
862 4157 901 4206 esi
921 4165 1007 4203 sermo
1022 4149 1136 4204 Domini
1153 4150 1189 4204 od
1203 4148 1301 4204 Hiere-

201 4229 285 4282 miam
305 4228 519 4304 prophetismi
539 4231 739 4303 complerentur
752 4228 926 4284 desolationis
941 4227 1111 4284 Hierusalem
1131 4231 1303 4301 septuaginta

203 4308 277 4372 anni,
297 4315 324 4364 et
341 4309 403 4366 dedi
412 4308 518 4382 faeiem
538 4328 625 4366 meam
646 4310 683 4366 ud
702 4309 851 4365 Dominum
867 4309 959 4364 Deum
979 4315 1122 4372 meumst
1144 4325 1250 4362 orarem
1270 4325 1303 4360 ac

692 4419 792 4459 111112
