3108 4708
230 233 295 303 960
679 237 865 304 EUSEBII
1311 234 1481 322 p.486—

231 402 357 509 Κύριος,
374 411 433 484 καὶ
453 404 675 511 ἐξαποστελῶ
692 403 791 508 λιμόν
811 408 865 486 ἐπὶ
886 403 941 498 τῆν
958 405 1031 507 γῆν,
1048 411 1083 486 οὐ
1102 406 1201 510 aspir
1219 406 1355 512 ciprum

230 525 300 610 οὐδὲ
320 524 432 636 δίψαν
451 527 583 621 ὕδατος,
603 530 706 611 ἀλλῦι
722 533 822 637 λιμῦν
841 535 896 612 τοῦ
917 536 1064 613 οἰκοῦσαι
1084 536 1186 634 λόγον
1204 535 1329 639 Κυρίου,

206 659 286 736 ικαὶ
301 656 347 737 τὰ
364 658 458 763 ἑξῆς.
493 654 613 759 Ἀπερ
631 656 774 738 ἅπαντα
792 658 849 738 διὰ
867 657 933 758 τὴν
952 658 1197 763 ὑπερηφανίαν
1214 659 1330 737 αὐτῶν

226 780 292 881 τὴν
315 783 407 862 κατὰ
427 793 490 862 τοῦ
508 789 673 885 Χριστοῦ
692 783 930 884 γεγενημένην
952 783 1101 863 ἔσεσθαι
1119 790 1324 888 προφητευ-

226 908 334 988 θέντα
353 911 485 1012 ἐναργῆ
512 909 578 1008 τῆν
600 910 751 1004 ἔκβασιν
768 914 831 1008 τῆς
858 909 1092 1012 προρρήσεως
1119 909 1328 1014 ἀπεδείξατο
1342 947 1372 981 ιο

226 1033 317 1132 μετὰ
343 1034 409 1134 τὴν
436 1033 527 1114 κατὰ
553 1043 617 1114 τοῦ
647 1039 814 1138 Σωτῆρος
842 1036 944 1133 ἡμῶν
972 1033 1169 1133 ἐπιβουλὴν
1197 1036 1325 1114 αὐτῶν.

201 1162 286 1240 8οῦ
312 1159 486 1265 πρότερον
510 1169 608 1261 γοῦν,
627 1161 711 1240 ἀλλ’
732 1162 776 1267 ἐξ
796 1162 927 1240 ἐκείνου
955 1165 1013 1240 καὶ
1038 1167 1086 1246 εἱς
1113 1165 1215 1263 δεῦρο
1239 1193 1326 1258 μετ-

226 1289 403 1392 έστρεψεν
429 1289 544 1365 αὐτῶν
563 1289 583 1365 ό
602 1285 696 1369 θεὸς
720 1285 785 1369 τὰς
810 1285 934 1389 ἑορτὰς
958 1293 1007 1370 εὶς
1024 1287 1163 1383 πένθος,
1183 1289 1241 1364 καὶ
1264 1285 1328 1368 τὰς

225 1411 319 1519 ᾠδὰς
343 1419 390 1495 εἰς
414 1416 555 1514 θρῆνον,
573 1416 636 1510 τῆς
654 1411 868 1513 περιβοήτου
892 1413 1146 1512 μητροπόλεως
1170 1415 1327 1490 ἀποστε-

223 1537 341 1639 ρήσας
358 1537 494 1638 αὐτοῦς,
512 1543 570 1617 καὶ
589 1535 631 1616 τὸ
648 1541 687 1617 ἐν
705 1539 794 1642 atini
813 1538 948 1637 σεμνόν
966 1538 1131 1639 ἁγίασμα
1154 1536 1244 1616 κατὰ
1261 1521 1368 1656 τῆνί,5
1378 1574 1445 1654 437

225 1666 282 1744 ε’ττὶ
307 1664 419 1744 Τίτον
448 1667 505 1744 καὶ
535 1665 817 1744 Οὐεσπασιανοῦ
842 1666 1030 1762 Ῥωμαίων
1059 1661 1328 1766 αὐτοκρατόρων

224 1789 416 1888 ἡγεμονίαν
447 1787 619 1882 καθελὼν,
647 1791 696 1873 ὡς
726 1788 777 1888 μὴ
806 1788 844 1869 δὲ
870 1790 1041 1872 ἐλθόντας
1069 1787 1246 1869 δύνασθαι
1273 1790 1326 1868 ἐπ’

225 1914 332 2012 αιἀῆς
362 1913 426 1997 τὰς
455 1912 620 2012 ἐννόμους
650 1915 774 2016 ἑορτὰς
806 1918 863 1994 καὶ
896 1914 1111 2016 παιηγόρεις
1139 1917 1323 1995 ἐπιτελεῖν.

226 2040 278 2117 Τί
297 2043 353 2118 δεῖ
377 2039 505 2140 λέγειν,
522 2044 570 2124 ὡς
598 2043 618 2119 ό
646 2039 750 2138 λιμὸς
778 2050 842 2120 τοῦ
869 2045 1023 2120 ἀκοῦσαι
1048 2040 1162 2141 λόγον
1192 2041 1351 2142 Κυρίου5

225 2164 363 2247 πάντας
380 2165 506 2249 αὐτοῦς
523 2171 709 2266 μετῆλθεν,
729 2169 809 2247 ἀνθ’
830 2164 880 2244 ὧν
904 2164 1091 2272 ἐξήλασαν
1113 2170 1245 2246 ἑαυτῶν
1263 2166 1327 2245 τὸν

225 2297 289 2368 τοῦ
317 2295 412 2368 Θεοῦ
439 2289 571 2390 Λόγον,
600 2291 826 2390 ὁμοθυμαδὸν
854 2291 962 2372 αὐτὸν
990 2290 1240 2395 ἀρνησάμενοι,
1267 2294 1325 2370 καὶ

226 2415 484 2517 ἀπαρνηθέντες
504 2418 682 2498 ὑπἀὐτοῦ
696 2452 707 2514 ;

603 2591 670 2666 a’nri
696 2603 756 2667 roi
781 2593 954 2666 zaxaaior.
1335 2587 1358 2650 b

166 2731 190 2812 7
279 2716 347 2788 Καὶ
373 2719 539 2814 παρέσται
567 2717 689 2816 Κύριος
711 2721 730 2788 ὁ
757 2717 839 2794 Θεός
854 2749 928 2801 μου,
945 2719 997 2787 καὶ
1020 2713 1142 2791 πόντος
1158 2711 1211 2785 ‘¹01'
1232 2713 1351 2807 όγιοι5

58 2817 118 2874 Ἔτι
127 2820 186 2892 περὶ
657 2869 673 2914 d
687 2876 712 2928 οι
726 2892 844 2946 ‘upum‘
862 2875 892 2928 Ρ·

219 3018 328 3091 samem
341 3037 421 3092 anper
434 3025 546 3084 terrum,
561 3038 615 3076 noa
628 3019 736 3094 samem
758 3017 848 3092 ραιιίι,
863 3035 947 3091 neque
966 3017 1039 3073 sitim
1059 3034 1146 3091 aqua,
1160 3019 1208 3074 red
1218 3017 1329 3092 saniem

228 3098 355 3153 audiendi
375 3098 483 3155 verbum
507 3100 633 3164 Domini,
658 3107 688 3155 et
711 3117 773 3173 quae
797 3104 972 3171 sequuntur:
1003 3114 1065 3170 quae
1093 3097 1206 3171 quidem
1232 3099 1329 3156 omnia

227 3183 344 3251 propter
355 3178 516 3253 snperbiam
530 3179 731 3254 ipsorumque
744 3176 879 3235 adversus
889 3175 1034 3234 Christum
1050 3177 1093 3235 nai
1107 3186 1182 3243 anot,
1194 3178 1328 3236 divinitus

227 3255 363 3332 praedicta
387 3259 546 3316 evidentem
568 3260 674 3317 oraculi
694 3260 801 3316 exitum
823 3257 1017 3324 ostenderunt,
1042 3266 1108 3332 poat
1128 3257 1256 3332 ipsorum
1276 3259 1326 3316 ad-

227 3355 326 3394 versus
348 3337 524 3397 Salvatorem
545 3351 674 3398 nostrum
695 3339 819 3396 insidias.
860 3337 930 3394 Non
951 3355 1021 3412 argo
1037 3345 1104 3396 ante
1122 3338 1191 3394 illud
1205 3347 1327 3415 tempus,

228 3417 278 3474 sed
293 3437 329 3474 ex
343 3417 391 3475 illo
405 3429 533 3496 tempore
547 3421 575 3478 in
589 3421 666 3477 huno
682 3437 770 3494 neque
792 3418 866 3476 diem
888 3417 1015 3474 solennia
1035 3418 1147 3474 illorum
1169 3419 1198 3474 in
1219 3419 1329 3476 luctum

227 3499 370 3555 convertit
383 3499 470 3565 Deua,
485 3508 515 3556 et
529 3501 639 3557 cantica
652 3501 680 3556 in
694 3499 850 3556 lomentum
864 3520 871 3556 ι
891 3498 993 3572 quippe
1007 3498 1053 3571 qni
1069 3498 1132 3555 illoa
1144 3498 1329 3556 celeberrima

228 3578 341 3634 civitate
356 3579 516 3652 privaverit,
532 3589 561 3637 et
575 3579 734 3636 venerabile
748 3579 816 3636 illud
831 3578 1020 3634 sanctuarium
1039 3578 1115 3652 qnod
1136 3577 1165 3634 in
1186 3579 1233 3636 illa
1255 3587 1325 3644 erat,

227 3657 295 3714 Tito
318 3677 351 3715 ae
368 3658 543 3733 Vespasiano
567 3661 642 3733 apud
668 3661 813 3716 Romanoa
834 3658 1047 3733 imperantibus.
1070 3659 1212 3720 everterit.
1238 3677 1327 3734 usque

227 3736 298 3794 adeo
318 3748 349 3795 nt
369 3758 426 3795 non
448 3739 567 3814 amplius
581 3740 678 3797 venire
699 3749 728 3796 et
747 3739 889 3796 celebrere
910 3738 939 3794 in
957 3755 991 3796 ea
1008 3737 1136 3811 legitima
1156 3738 1285 3795 solennia
1296 3747 1328 3796 et

226 3817 370 3893 legitimos
383 3829 539 3878 conventos
553 3821 671 3896 possint.
714 3819 857 3876 Caeterum
878 3817 945 3892 quid
966 3835 1037 3893 opua
1051 3825 1096 3876 eat
1113 3818 1206 3876 dicere
1227 3837 1325 3893 quern-

227 3897 379 3955 admodum
407 3898 496 3956 fnmee
520 3901 653 3956 audiendi
677 3900 794 3956 verbum
823 3898 939 3954 Domini
963 3916 1063 3956 omnea
1090 3899 1154 3956 illoa
1181 3899 1326 3965 invaserit,

227 3986 377 4051 propterea
397 3980 473 4053 quod
494 3980 591 4054 procul
611 3999 630 4036 a
646 3979 746 4053 seipaia
759 3978 813 4035 Dei
827 3977 954 4034 Verbum
976 3979 1133 4054 exegerint,
1149 3997 1236 4053 quum
1258 3977 1327 4035 illud

227 4073 285 4112 uno
299 4057 393 4113 animo
407 4068 583 4134 negaverunt
597 4067 626 4116 et
640 4059 675 4116 ab
690 4059 790 4116 eodem
805 4059 901 4132 negati
916 4058 1003 4115 aunt?

165 4209 188 4285 7
586 4185 588 4190 '
675 4202 693 4239 a
709 4203 874 4240 zauaaau,

64 4289 192 4384 mm.
269 4275 308 4328 Et
321 4275 445 4329 adveniet
459 4275 596 4332 Dominus
610 4278 689 4334 Deua
702 4297 782 4344 meur,
798 4287 824 4335 ιιι
838 4297 930 4336 omnes
942 4283 1031 4337 ιοιιοιὶ
1045 4299 1105 4338 cum
1120 4298 1160 4349 eu,
1177 4284 1204 4337 ὶιι
1218 4281 1262 4337 die
1275 4282 1327 4337 iiia
