3130 4722
278 279 341 344 rm
726 276 910 341 sussen
1357 289 1523 358 p.377-
1553 347 1554 378 ,

276 434 476 540 ἀπειλήφει,
490 445 680 535 τηνικαῦτα
699 439 899 538 ἐπληροῦτο
919 440 976 515 καὶ
995 434 1046 531 τὸ,
1062 433 1319 537 πρισιιυνύσιυσί
1337 467 1378 511 σε
1553 405 1554 440 λ

277 571 303 640 oi
332 571 388 641 oiri
415 565 469 642 τοῦ
500 565 627 673 πατρός
653 600 723 653 σου,
742 563 873 646 πάντες
903 561 1041 662 δηλαδὴ
1069 565 1102 641 οἱ
1130 561 1205 639 κατ’
1226 559 1379 662 οὐρανὸν
1553 581 1554 640 i

274 687 434 788 ἀγγελοι,
461 688 508 766 τά
532 723 570 768 τε
597 689 778 788 πνεύματα
806 688 852 768 τά
879 686 1112 791 λειτουργικὰ,
1140 689 1198 765 καὶ
1223 690 1259 765 αἱ
1284 691 1377 764 θεῖαι
1553 657 1554 695 λ

274 813 447 911 δυνάμεις,
465 815 554 893 οἵτε
573 816 629 895 ε’πὶ
648 820 715 915 γῆς
734 813 936 894 ἀπόστολοι
954 816 1011 893 καὶ
1033 813 1295 913 εύσγγελισταὶ,
1312 813 1376 890 καὶ
1389 849 1425 883 ιο

273 939 363 1036 μετὰ
381 939 526 1023 τούτους
546 940 699 1024 ἅπαντες
718 946 750 1019 οἱ
769 941 813 1046 ἐξ
828 942 939 1019 ἐθνῶν
958 939 1000 1017 δι’
1020 940 1128 1018 αὑτοῦ
1152 938 1214 1015 τὸν
1233 937 1293 1014 ἕνα
1315 939 1377 1015 καὶ

273 1064 383 1161 μόνον
404 1069 522 1165 ἀληθῆ
545 1066 683 1168 ποτερα
702 1065 796 1146 Θεὸν
821 1060 1116 1169 ἐπιγραψάμενοι,
1136 1063 1259 1144 οἵτινες
1278 1059 1377 1140 Θεὸν

275 1194 396 1296 Λόγον
416 1196 503 1276 ὅντα
528 1195 592 1274 τὸν
611 1193 773 1297 Χριστόν
794 1192 1047 1293 μεμαθηκότες,
1066 1196 1114 1276 ὡς
1133 1192 1229 1271 Θεὸν
1246 1225 1368 1292 προσ-

234 1339 266 1402 63
274 1329 388 1402 κυνεῖν
412 1323 521 1401 αὐτὸν
544 1323 815 1422 ὁμολογοῦνται.
874 1320 983 1398 Ἀλλ’
1003 1321 1077 1398 ἐπεὶ
1105 1320 1213 1423 ἐχρῆν
1239 1320 1297 1397 καὶ
1325 1317 1372 1397 τά
1381 1326 1499 1410 Ρι378

272 1454 336 1543 τῆς
363 1449 532 1551 γενέσεως
557 1451 665 1528 αὐτοῦ
695 1451 752 1527 καὶ
779 1442 826 1526 τά
852 1456 915 1526 τοῦ
940 1444 1095 1525 θανάτου
1122 1442 1303 1546 μυστήρια
1325 1479 1372 1550 τη

270 1578 349 1678 περὶ
376 1577 483 1655 αὐτοῦ
506 1576 707 1681 προφητείᾳ
731 1579 1026 1678 συμπεριλαβεῖν,
1046 1569 1186 1654 εἰκότως
1210 1570 1301 1668 μετὰ
1325 1569 1373 1650 τά

269 1703 503 1804 προειρημένα
522 1701 700 1804 θεσπίζων
718 1698 883 1793 όἸακάηθ
901 1696 1064 1799 ἐπιλέγει,
1077 1696 1222 1800 σκύμνος
1242 1697 1394 1782 λείντιςε

270 1821 390 1905 'lodda'
414 1835 451 1905 ἐκ
469 1829 629 1920 βλαστού
647 1825 696 1905 υἱέ
708 1863 774 1931 μου
794 1824 926 1917 diffisis,
942 1821 1118 1902 ἀναπεσάν
1136 1820 1304 1926 euripides
1322 1829 1369 1907 ὡς

268 1949 363 2039 λιίιν,
381 1958 440 2029 κοιλ
460 1953 504 2035 ὡς
524 1953 682 2051 σκύμνος,
701 1954 750 2035 τίς
769 1951 874 2055 ἐγερεῖ
890 1950 1007 2042 osirim
1039 1945 1204 2046 Σκύμνου
1222 1947 1287 2044 μὲν
1305 1948 1368 2026 obv

268 2073 411 2158 λέοντος
431 2075 538 2155 αὑτὸν
557 2074 718 2178 ὀνομάζει
748 2072 868 2153 διὰτὸ
893 2077 931 2152 ἐκ
956 2077 1150 2171 βασιλικῆς
1175 2073 1283 2152 αὑτὸν
1300 2108 1361 2174 γε·

228 2204 407 2302 64γονέναι
441 2206 571 2308 φυλῆς.
631 2202 697 2280 Ἐκ
728 2200 934 2302 σπέρματος
962 2208 1051 2299 γοῦν
1080 2195 1124 2296 ἦν
1151 2207 1215 2277 τοῦ
1246 2203 1412 2294 Δαβὶδιο

267 2327 358 2407 κατά
386 2325 518 2431 σάρκα.
570 2334 632 2407 Ἐκ
660 2329 820 2421 iibens&
851 2322 886 2406 θέ
916 2327 1038 2418 ἀνέβης
1065 2323 1117 2404 υἱέ
1137 2360 1213 2428 μου,
1241 2328 1398 2430 φησὶν,1)

266 2455 407 2557 ἐπείπερ
425 2456 464 2533 ἐκ
482 2453 687 2557 σπέρματος
713 2456 770 2531 καὶ
792 2451 888 2554 ῥίζης
912 2458 976 2529 τοῦ
1003 2458 1116 2528 ταῦτα
1142 2459 1363 2554 προαναφω-

267 2588 411 2663 νοῦντος
429 2579 562 2674 Ἰακὼβ
591 2581 714 2682 ἀνέφυ,
742 2577 916 2679 πρότερον
944 2574 1010 2674 μὲν
1039 2574 1131 2659 Θεὸς
1159 2575 1277 2676 Λόγος
1305 2573 1365 2672 ὧν,

266 2704 453 2807 γενόμενος
481 2705 519 2786 δὲ
544 2706 704 2806 δεύτερον
735 2703 806 2786 υἱός
832 2701 1031 2804 ἀνθρώπου,
1050 2703 1091 2780 δι’
1113 2699 1156 2799 ἣν
1176 2703 1364 2808 ἀνεδέξατο

226 2830 355 2933 6οὗπέρ
383 2834 483 2931 ἡμῶν
516 2832 727 2930 οἰκονομίαν.
788 2830 855 2929 Εἵη
889 2831 918 2908 δ’
948 2829 994 2909 ἂν
1022 2832 1081 2910 καὶ
1111 2837 1175 2908 τοῦ
1211 2828 1386 2912 θανάτους

265 3047 338 3104 illius
353 3051 476 3107 victoriae
491 3052 624 3124 praeclure
639 3053 674 3109 de
688 3050 817 3108 hostibus
830 3050 945 3125 recepit,
956 3058 1016 3106 tum
1027 3067 1095 3106 vero
1109 3048 1178 3105 iilud
1192 3049 1362 3123 completum

265 3135 318 3193 cst,
334 3131 496 3187 Adorabunt
518 3139 543 3187 te
557 3135 615 3206 filii
636 3135 724 3208 putris
745 3135 793 3198 tui,
815 3149 914 3188 omues
933 3129 1064 3187 videlicet
1085 3129 1132 3204 qui
1154 3129 1184 3186 in
1204 3129 1277 3187 coslo
1297 3137 1363 3186 sunt

218 3239 222 3244 ·
264 3209 368 3284 angeli,
380 3211 549 3284 spiritusque
564 3212 756 3278 inservientes,
766 3232 800 3269 sc
812 3212 913 3268 divinae
927 3219 1093 3286 potestates,
1103 3228 1214 3267 necnon
1226 3210 1362 3286 degentes

263 3289 293 3346 in
307 3299 384 3347 terra
397 3291 517 3365 apostoli
533 3301 562 3348 et
576 3293 767 3369 evengelistae,
782 3302 848 3368 post
866 3311 936 3367 quos
958 3291 1116 3366 quicunque
1133 3310 1185 3365 per
1203 3291 1293 3366 ipsum
1313 3290 1362 3346 uni

263 3379 292 3428 et
315 3371 368 3428 soli
391 3390 458 3428 vcro
481 3373 554 3445 petri
578 3373 641 3430 Deo
665 3375 774 3449 seipsos
798 3374 976 3438 addixerunt,
995 3377 1040 3447 qui
1065 3371 1177 3446 quidem
1200 3371 1248 3428 ubi
1268 3371 1360 3428 Deum

262 3453 390 3510 Verbum
405 3451 548 3510 Christum
564 3473 626 3511 esse
641 3455 771 3519 didicere,
787 3463 847 3511 tum
863 3473 894 3510 se
910 3453 989 3508 illum
1005 3461 1037 3509 ut
1051 3451 1144 3509 Deum
1159 3452 1277 3509 adorere
1291 3471 1360 3508 con.

261 3533 328 3590 fessi
342 3543 418 3591 sunt.
455 3533 515 3590 Sed
529 3537 662 3608 quonism
676 3545 705 3592 et
719 3544 798 3593 ortm
813 3534 939 3610 ejusdcm
954 3541 984 3590 et
998 3531 1098 3590 mortis
1112 3532 1247 3607 mysterio
1260 3532 1358 3589 eadem

260 3615 409 3689 prophetis
430 3613 578 3688 complecti
600 3617 758 3690 oportebat.
773 3615 875 3672 merito
891 3621 957 3688 post
971 3612 1018 3669 ilis
1036 3631 1098 3686 quae
1116 3612 1177 3687 jam
1198 3612 1273 3668 dictu
1293 3619 1360 3667 suut

259 3695 416 3751 vaticinans
436 3694 526 3752 Jacob
551 3695 690 3770 adjungit,
718 3696 829 3752 Catulus
851 3696 933 3753 bonis
953 3695 1038 3758 Judn,
1062 3694 1096 3750 de
1120 3693 1242 3766 grmnine
1254 3693 1304 3769 fiii
1322 3693 1359 3748 mi

259 3776 413 3839 ascendisti,
437 3775 591 3832 recumbens
614 3778 765 3833 dormivisti
788 3783 818 3832 ut
841 3779 891 3840 leo,
911 3783 937 3831 et
959 3782 988 3831 ut
1013 3775 1130 3837 rutulus,
1151 3775 1217 3846 quis.
1232 3773 1359 3829 emuniit

259 3857 346 3912 eum?
360 3855 493 3912 Catulum
507 3857 601 3928 itaque
615 3855 705 3911 leonis
719 3855 810 3930 ipsum
824 3855 961 3919 nominat,
977 3861 1127 3931 propterea
1140 3853 1216 3928 quod
1230 3852 1266 3908 dc
1280 3851 1359 3926 regia

257 3934 334 3990 tribu
349 3935 386 3991 sit
400 3943 494 3992 natus.
536 3935 582 3991 De
603 3935 709 3992 semine
731 3935 819 4010 igitur
838 3935 930 3991 David
953 3935 1007 3991 fuit
1023 3933 1132 3990 ratione
1154 3933 1289 4007 corporis.
1312 3933 1359 3988 De

257 4014 377 4084 germine
391 4023 491 4077 nutem.
506 4015 605 4088 inquit,
618 4016 666 4090 fiii
686 4017 721 4072 mi
735 4015 887 4080 ascendisti,
903 4014 1035 4090 quoniam
1050 4013 1085 4070 de
1100 4014 1207 4070 semiue
1221 4023 1250 4069 et
1265 4011 1358 4068 rudicc

258 4094 319 4168 ejus
340 4093 387 4167 qui
406 4094 466 4150 boee
488 4095 659 4172 praedicebut
673 4095 764 4152 Jacob
784 4095 938 4171 pullularit,
954 4113 1039 4168 quum
1062 4094 1139 4168 prius
1155 4093 1268 4168 quidem
1283 4099 1358 4148 esset

258 4173 335 4228 Deus
350 4173 487 4236 Verbum,
508 4187 608 4246 posteo
628 4195 696 4232 vero
717 4177 800 4232 etium
827 4177 899 4232 iilius
919 4175 1042 4231 hominis
1064 4173 1100 4230 sit
1121 4173 1222 4239 factus,
1242 4181 1358 4246 propter

258 4268 318 4303 eam
348 4267 431 4320 quum
459 4268 511 4322 pro
544 4253 626 4307 uobis
658 4255 809 4327 assumpsit
840 4254 1088 4326 dispensationem.
1145 4254 1244 4310 Potest
1271 4253 1357 4309 etium

258 4334 377 4380 mortem
392 4325 517 4396 ejusdem
541 4329 701 4398 significare
721 4333 798 4395 iilud,
816 4333 981 4387 Rerunrbens
994 4333 1146 4388 dormivisti
1165 4341 1195 4388 ut
1213 4336 1262 4395 iro,
1278 4341 1303 4388 st
1327 4339 1357 4387 ut
