3144 4720
64 263 201 326 -424
459 251 686 318 DEMONST.
711 251 882 318 EVANG.
906 252 972 317 IX.
988 274 1018 338 3.
1248 258 1310 319 841

210 409 400 514 ἀνθρώπου
418 415 607 517 ἐκυρίευσε,
625 418 684 495 καὶ
701 415 810 495 είσέτι
829 425 892 496 νῦν
910 416 1073 520 ΐιιυριεῦει
1092 419 1203 496 ε’θνιῦν
1219 413 1352 496 πολ-ιο
1465 507 1468 514 ‚

186 542 298 616 sitnia.
360 537 477 623 Αῦτῦς
505 538 576 642 ἄρα
601 542 704 625 οῦτος
730 543 858 625 ἐκεῖνος
883 539 928 640 ἦν
955 545 1014 622 καὶ
1035 543 1106 622 οὐδ’
1127 542 1253 640 ἄλλος,
1271 539 1313 622 ὃν

209 661 232 759 ἡ
256 664 456 770 προφητεία
480 663 735 768 πρωγγόρευσε,
755 667 837 747 καθ’
857 665 898 747 ὃν
923 669 1025 766 καὶὴ
1051 664 1137 770 Γῦιγ
1159 666 1340 770 ’ῦφιῦθηιι

208 791 381 880 βασιλεία
399 795 463 888 τῆς
478 795 645 891 Χριστοῦ
664 789 843 890 δυνάμεως
860 791 1124 898 σνναυξοιίσης.
1173 797 1312 871 Τοῦτον

210 913 240 990 h'
259 914 411 994 ἐνταῦθά
428 917 563 1021 ῐφασιν
581 917 798 996 αἰνίττεσθαι
822 918 904 995 καθ’
923 917 1115 1020 Ἐβραίους
1138 915 1203 997 τὸν
1224 917 1310 1019 τρό-

209 1072 280 1118 πον
307 1039 373 1139 τὴν
399 1047 472 1120 τῶν
494 1041 681 1140 Ῥωμαίων
708 1043 910 1138 βασιλείαν,
938 1039 962 1146 ᾗ
993 1045 1052 1122 καὶ
1079 1042 1312 1142 συνήκμασεν

187 1164 234 1262 όὴ
261 1171 426 1269 Χριστοῦ
453 1168 681 1248 διδασκαλία.
741 1167 932 1267 Μέμνηται
953 1167 992 1247 δὲ
1015 1175 1080 1248 τοῦ
1099 1165 1185 1270 Γὼγ
1207 1170 1264 1248 καὶ
1290 1169 1334 1249 ῦι

209 1291 398 1396 προφήτης
429 1291 606 1395 Ἰεζειιιὴλ,
640 1290 789 1400 ἄρχοντα
824 1291 908 1378 ‘Pala
939 1291 1065 1391 Μιτῦχ
1098 1301 1158 1373 καὶ
1189 1291 1312 1387 Θιβέλ

208 1415 401 1518 ὀνομάζων·
431 1415 490 1497 διὰ
517 1415 583 1516 μέν
610 1425 674 1497 τοῦ
700 1415 792 1501 ‘Phe
820 1415 887 1517 τὴν
910 1419 1108 1516 Ῥωμαίων,
1137 1420 1185 1501 ὡς
1212 1417 1311 1515 έονιε,

207 1539 316 1621 πόλιν
334 1541 582 1642 αἰνιττόμενος,
600 1544 675 1623 ἐπεὶ
697 1547 755 1622 καὶ
780 1541 873 1646 ἀρχὴ
892 1546 952 1622 καὶ
976 1543 1117 1650 κεφαλὴ
1135 1542 1227 1623 κατὰ
1244 1541 1311 1642 τὴν

207 1667 389 1770 Ἑβραίων
418 1668 543 1775 φωνὴν
571 1667 630 1748 διὰ
656 1677 720 1748 τοῦ
747 1666 839 1753 ‘Pta-
867 1673 1049 1768 δηλοῦται·
1085 1668 1144 1749 διὰ
1176 1669 1214 1750 δὲ
1245 1675 1308 1748 τοῦ
1320 1705 1350 1741 ιο

209 1791 358 1897 Μοσῦχ,
377 1793 442 1892 τὴν
462 1795 612 1874 Μυσίαν
632 1797 689 1874 καὶ
708 1792 754 1874 τὰ
770 1793 878 1900 πέριξ
893 1793 1024 1894 ταύτης
1042 1794 1135 1895 έθνη,
1155 1794 1228 1874 ὅσα
1246 1803 1334 1876 νῦνο

208 1925 316 1999 οἰκεῖα
340 1921 527 2019 Ῥωμαίων
553 1923 643 2016 ἐστὶ,
665 1919 724 1999 διὰ
752 1919 791 2000 δέ
817 1928 881 2000 τοῦ
909 1919 1036 2017 Θοβὲλ
1062 1920 1129 2021 τὴν
1149 1922 1309 2026 Ἰβηρίαν

207 2047 252 2125 “ὁ
273 2045 452 2146 Ἰὥοηπος
479 2051 592 2145 δηλοῖ,
612 2043 684 2125 ἀπὸ
711 2054 775 2126 τοῦ
804 2045 930 2142 Θοβέλ
951 2047 1132 2149 γεγονέναι
1155 2049 1310 2154 φάσκων

209 2170 419 2271 Θοβιήλους
451 2170 533 2256 τοῦς
562 2170 725 2275 Ἴβηρας·
767 2169 819 2252 ὦν
855 2171 1023 2253 ἁπάντων
1057 2173 1215 2277 ἄρχοντα
1245 2172 1310 2254 τὸν

208 2295 295 2399 Γὼγ
316 2296 584 2402 ῦφονθησεσθαί
604 2303 720 2402 φησιν
741 2299 799 2378 ε’πὶ
824 2303 887 2398 τῆς
908 2309 973 2380 τοῦ
997 2301 1330 2405 προφητευομένου5

207 2427 371 2524 Χριστοῦ
394 2425 605 2527 παρουσίας,
625 2421 666 2502 ὃν
690 2425 710 2502 ὁ
729 2422 822 2508 Θεὸς
840 2423 1029 2526 ὡδήγησεν
1052 2427 1096 2532 ἐξ
1113 2427 1308 2528 Αἰγύπτου,

207 2547 266 2627 ὅτε
298 2547 390 2628 κατὰ
422 2544 486 2628 τὸν
515 2554 705 2630 Ματθαΐον
732 2549 1023 2645 ἐπιβουλεύοντος
1049 2561 1114 2632 τοῦ
1140 2553 1308 2656 Ἡρώδου

206 2675 305 2752 παιδὶ
333 2671 409 2753 ὄντι
435 2675 531 2780 αὐτῷ
558 2677 815 2778 χρηματισθεὶς
843 2677 862 2754 ὁ
886 2673 1028 2780 Ἰωσὴφ
1049 2674 1237 2777 παρέλαβε
1264 2675 1306 2756 τὸ

247 2851 413 2925 ῑιινριεῦσει]
431 2851 540 2924 κνριιῦιι
555 2854 585 2908 P.
736 2863 749 2895 Ι
763 2838 811 2923 σημ
826 2854 855 2908 S.
871 2853 899 2907 in
913 2871 998 2925 marg.
1181 2852 1193 2893 t
1206 2853 1303 2928 φησιν]

204 2933 290 3004 φασίν
304 2933 333 2990 S.
408 2941 425 2974 a
438 2931 505 2988 οῦτοι
518 2933 586 3008 πῶς]
603 2935 757 3004 ὁῚίισηπος
772 2936 849 3004 δηλοῖ
863 2934 893 2989 P.
908 2951 968 2988 eum
983 2933 1138 3005 interprete,
1153 2933 1211 2988 tine
1225 2936 1240 2988 ὁ
1254 2933 1284 2990 S.

206 3069 351 3127 dominata
371 3079 425 3136 eat.
445 3077 529 3146 atque
554 3070 640 3128 etiam
662 3090 738 3128 anno
759 3071 920 3129 dominatur
943 3070 1077 3147 gentihna
1099 3071 1205 3128 multia.
1249 3071 1305 3128 Hic

205 3148 293 3224 igitur
313 3150 360 3208 ille
381 3149 441 3225 ipse
461 3159 530 3217 erat,
545 3170 603 3208 non
617 3151 688 3208 alins
703 3151 850 3226 quispiam,
866 3171 948 3226 qnem
964 3151 1113 3226 prophetie
1126 3151 1304 3226 predixerat,

204 3229 285 3304 cnjus
298 3237 426 3304 tempore
440 3231 526 3288 etiam
541 3231 609 3306 Gng
627 3250 748 3307 regnum
767 3232 797 3287 in
816 3232 935 3289 sublime
950 3231 1100 3290 adauctum
1115 3240 1168 3298 est,
1184 3251 1249 3288 cnm
1270 3251 1305 3290 eo

205 3308 289 3366 simul
302 3309 408 3367 Christi
421 3310 525 3368 virtute
539 3329 573 3368 ac
593 3312 722 3385 potentia
739 3319 895 3368 crescente.
938 3311 1003 3367 Hoc
1016 3319 1112 3368 antem
1126 3312 1212 3368 modo
1226 3311 1306 3369 aiunt

205 3389 399 3446 Romanorum
415 3407 537 3466 regnum
558 3392 712 3448 seeundum
734 3392 872 3449 Hehraeoe
893 3390 1055 3464 significari,
1070 3408 1136 3446 enm
1150 3409 1206 3464 quo
1220 3391 1305 3447 simul

205 3467 312 3526 Christi
326 3470 455 3527 doctrina
474 3471 561 3527 robur
574 3479 659 3545 atque
676 3471 882 3528 incrementum
903 3469 1018 3543 accepit.
1060 3468 1195 3526 Meminit
1208 3477 1305 3526 autem

205 3547 274 3624 θος
286 3550 372 3606 etiam
386 3550 525 3624 propheta
539 3549 682 3619 Ezechiel,
697 3551 764 3607 dnm
777 3551 928 3625 ρτῦιιὶρεπι
943 3549 1010 3614 lior,
1025 3549 1141 3604 Morari
1159 3556 1187 3607 ei
1204 3549 1304 3606 Tiohel
1345 3571 1382 3613 a„
1389 3575 1421 3626 ³³.
1431 3586 1451 3624 3,

204 3628 343 3692 nominat,
354 3629 403 3686 ubi
417 3648 468 3704 per
480 3630 550 3687 illud
563 3630 677 3704 quidem
692 3631 751 3687 lior
764 3631 968 3692 Romanorum.
980 3636 1013 3685 nt
1025 3646 1077 3702 par
1090 3636 1144 3694 eet,
1159 3627 1303 3686 civitatem

204 3707 366 3782 significat:
389 3709 616 3784 quandoquidem
628 3710 801 3786 principatus
816 3718 845 3766 et
855 3717 940 3784 capnt
950 3728 984 3766 ea
995 3727 1063 3766 voce
1077 3708 1152 3782 apud
1165 3707 1304 3778 Hebraeos

203 3787 381 3863 intelligitur,
394 3807 446 3862 per
460 3790 574 3847 Morari
589 3799 685 3847 autem
698 3790 833 3865 Mysiam,
848 3797 879 3847 et
898 3790 925 3847 ei
943 3789 1078 3846 finitimae
1098 3797 1210 3863 gentes,
1225 3807 1302 3862 qum-

204 3884 314 3940 onnqne
334 3887 410 3925 nnnc
429 3869 481 3926 anb
496 3869 689 3927 Romanorum
704 3870 821 3944 imperio
836 3879 911 3934 eunt,
926 3879 955 3926 et
969 3888 1020 3944 per
1039 3869 1141 3926 Thoiel
1155 3869 1302 3926 Hiberiam
1344 3891 1432 3941 ιωρι.

201 3945 345 4022 losephae
371 3948 512 4025 intelligit,
535 3951 583 4024 qui
605 3969 622 4006 a
640 3950 752 4008 Thohel
773 3950 842 4007 dicit
861 3951 953 4006 factos
977 3968 1039 4007 erse
1062 3948 1234 4018 Thobeelos,
1254 3949 1302 4024 qni
1344 3941 1445 3983 mm·

203 4025 327 4084 Hiberes
340 4027 481 4093 dicuntur,
497 4029 597 4103 quibua
617 4031 749 4088 omnibus
769 4030 956 4104 imperantem
975 4029 1044 4105 Gog
1062 4029 1091 4085 in
1111 4029 1231 4087 sublime
1250 4030 1302 4088 td·

114 4116 137 4140 ⁸·
203 4107 365 4182 aagendam
380 4109 428 4173 ait,
438 4109 490 4166 snb
505 4110 567 4183 ejna
579 4109 687 4168 Christi
698 4111 735 4168 de
748 4129 804 4184 qno
817 4110 964 4183 prophetea
977 4108 1302 4183 loqnnntnradventnm,

203 4205 288 4260 quem
309 4187 389 4245 Deua
414 4188 496 4246 duxit
520 4207 557 4246 ex
581 4190 720 4265 AEgypto,
743 4208 799 4264 quo
821 4196 958 4263 tempore,
984 4198 1015 4245 nt
1036 4189 1112 4262 apud
1134 4191 1303 4248 Matthoenm

202 4265 315 4342 legitur,
336 4268 404 4325 dnm
426 4269 480 4344 ipai
502 4269 594 4328 adhuc
620 4288 707 4343 puero
727 4268 875 4326 insidiatur
899 4268 1039 4334 Herodes,
1056 4267 1165 4342 Joeeph
1186 4277 1303 4344 accepto
1401 4283 1411 4306 ⁸

244 4381 312 4420 von.
328 4383 364 4421 n.
786 4385 803 4422 τ
817 4373 830 4422 t
