3132 4714
64 279 194 348 -315·
457 262 1025 329 nunousu.nvnua.V11.1.
1240 263 1308 335 ,aar

205 430 459 534 συνεφθείρετο
485 437 531 532 τῇ
558 436 622 507 τοῦ
648 429 819 524 σώματος
847 429 955 534 οἰκείᾳ
983 428 1093 533 φύσει
1121 430 1140 506 ό
1168 427 1309 526 ἀπαθὴς

205 561 270 632 τοῦ
288 558 384 632 θεοῦ
401 552 531 654 Λόγος,
549 556 622 633 ἐπεὶ
647 551 697 653 μὴ
723 553 760 634 δέ
787 553 891 652 ἡλίου
917 552 1064 633 πείθοιεν
1082 553 1127 631 ἅν
1149 586 1184 632 τι
1211 555 1308 631 ἀκτῖ-

205 711 263 761 νες
281 685 412 781 νεκρῶν
430 681 488 757 καὶ
506 677 684 758 παντοίων
701 676 882 776 σωμάτων
899 679 1154 783 ε’παφῶμεναι;
1186 684 1250 784 Τῷ
1269 679 1307 757 δὲ

205 805 288 911 θείῳ
307 802 418 910 Λόγῳ
445 806 649 903 τοῦμπαλιν
676 803 718 883 τὸ
747 801 910 909 φθαρτόν
936 803 1220 906 μετεσκευόζετο,
1249 807 1306 882 καὶ
1319 841 1348 874 ιο

205 928 308 1032 ἅγιόν
325 965 364 1009 τε
383 932 442 1009 καὶ
459 928 649 1028 ἀθάνατον,
667 929 729 1009 ἅτε
752 935 810 1010 καὶ
827 927 872 1028 ἦν
892 932 987 1037 αι’πῷ
1009 930 1200 1029 βουλητὸν,
1220 933 1337 1009 ἀπε-(1

205 1062 353 1135 τελεῖτο·
381 1057 438 1134 ναὶ
456 1055 529 1154 μὴν
542 1057 601 1134 καὶ
618 1062 695 1138 ταῖς
713 1055 841 1139 ἐνθέοις
859 1064 923 1135 τοῦ
938 1055 1138 1153 πνεύματος
1156 1061 1307 1149 βουλαῖς

165 1205 199 1256 26
207 1215 244 1261 τε
263 1184 321 1260 καὶ
337 1178 496 1288 πράξεσι
515 1186 717 1281 διηκονεῖτο.
777 1186 895 1260 Τοῦτο
914 1181 976 1260 οῦν
996 1179 1084 1259 όλον
1102 1186 1154 1285 τῷ
1172 1186 1304 1285 φιλαν-

205 1305 426 1413 θρωποτάτην
451 1311 534 1411 Θεῷ
560 1339 599 1384 τε
627 1308 686 1385 καὶ
711 1310 806 1385 Θεοῦ
826 1305 935 1413 Λόγῳ
964 1304 1050 1407 ὑπὲρ
1078 1309 1141 1403 τῆς
1162 1302 1307 1384 πόντων

206 1431 407 1534 ἀνθρώπων
425 1431 611 1532 θεραπείαις
635 1463 674 1508 τε
700 1431 758 1509 καὶ
777 1431 955 1532 σωτηρίας
974 1437 1050 1513 ταῖς
1068 1436 1141 1508 τῶν
1158 1435 1330 1532 προφη·ι

206 1562 279 1634 τῶν
302 1553 509 1638 ἀκολούθως
535 1557 716 1657 ἐνηργεῖτο
744 1562 890 1660 φωναῖς,
918 1555 1054 1634 ἄνωθεν
1078 1556 1117 1632 εἰς
1142 1559 1308 1633 παλαιῶν

205 1677 345 1784 χρόνων
374 1678 442 1778 τὴν
475 1679 678 1778 θαυμασίαν
710 1682 749 1757 ἐκ
785 1680 963 1781 παρθένου
1000 1678 1168 1780 γέννησιν
1200 1679 1308 1756 αὑτοῦ

204 1801 575 1907 ’προμορτυρομέναις
634 1802 785 1907 Σφόδρα
803 1802 842 1882 δέ
860 1803 1061 1905 ἀναγκαίως
1078 1804 1099 1881 ὁ
1117 1799 1307 1909 προφήτης

205 1927 395 2030 προτάττει
423 1933 486 2027 τῆς
517 1931 555 2007 ἐκ
585 1928 762 2030 παρθένου
793 1929 966 2029 γενέσεως
993 1937 1057 2007 τοῦ
1077 1933 1240 2030 Χριστοῦ
1265 1925 1307 2005 τῦ
1320 1961 1349 1996 ¹0

206 2053 430 2160 ε’πιστρεφὶς,
443 2057 632 2158 ἐπιφωνῶν
646 2054 811 2156 ἄντικρυς
828 2062 902 2137 τοῖς
920 2055 1057 2134 τούτων
1074 2052 1350 2155 ἀκροωμένοιςρ·
1364 2080 1426 2145 3¹5

164 2178 259 2276 ητὸ,
278 2178 334 2260 iau
352 2178 400 2283 μῦ
419 2179 629 2272 πιστεύσητε,
651 2175 720 2260 aidi
737 2179 785 2285 μῦ
805 2179 929 2273 συνῆτε.
967 2177 1033 2259 Ὧι
1051 2179 1207 2284 ἐπιφέρει
1225 2179 1308 2284 ἑξῆς

204 2303 251 2383 τὰ
268 2312 396 2383 τοῦτον
414 2305 542 2408 ἔχοντα
560 2302 623 2383 τὸν
640 2302 784 2406 τρόπον,

257 2446 341 2518 Ἐὰν
367 2449 410 2530 μὴ
437 2449 651 2531 πιστεύσητε,
674 2447 746 2518 οόόὲ
769 2449 815 2531 μῦ
840 2457 967 2530 συνῆτε.
1022 2448 1090 2518 Καὶ
1116 2447 1330 2542 προσίθετοκ

207 2561 331 2659 Κίριος
350 2569 496 2644 λαλῆσαι
520 2558 712 2659 τῷἊχαζ,
729 2561 846 2654 λέγων,
865 2563 999 2644 α’ίτησαι
1024 2567 1150 2651 σεαυτῷ
1173 2570 1307 2642 σημεῖον

205 2674 299 2772 παρὰ
317 2676 442 2772 Κυρίου
457 2682 519 2746 τοῦ
536 2675 621 2746 θεοῦ
637 2707 698 2746 σου
714 2678 756 2752 εἷς
773 2672 880 2763 βόθος
896 2676 915 2757 ἢ
932 2679 976 2753 εἷς
991 2673 1092 2767 ὕφος.
1134 2674 1203 2744 Kat
1221 2674 1308 2745 εἶπεν

595 2804 602 2847 ¹
617 2809 870 2880 προμορτυρορίνοις
885 2809 915 2863 Ρ.

206 2927 335 3000 corporis
356 2936 457 2984 natura
478 2937 638 3003 corruptus,
661 2948 747 3002 quum
771 2928 863 3003 ipsum
886 2927 923 2983 sit
945 2925 1000 2983 Dei
1019 2925 1146 2982 Verbum
1169 2925 1204 2980 ab
1229 2923 1307 2979 omni

206 3006 333 3081 patiendi
348 3016 449 3064 natura
461 3026 576 3082 prorsue
590 3007 722 3074 alienum,
738 3009 850 3082 quando
869 3027 906 3064 ne
923 3007 992 3063 solis
1014 3005 1125 3080 quidem
1143 3004 1223 3068 radii,
1239 3003 1306 3060 dnm

207 3088 346 3144 oadavera
365 3095 394 3145 et
413 3089 504 3145 omnio
518 3088 631 3164 generis
645 3106 764 3163 corpora
783 3089 936 3163 attingunt,
951 3087 1103 3162 quidquam
1117 3085 1234 3142 omuino
1249 3084 1307 3159 pati

206 3167 361 3224 dicuntur?
384 3168 430 3224 Ab
444 3168 506 3242 ipso
520 3177 615 3225 autem
629 3168 726 3225 divino
739 3168 837 3224 Verbo
856 3169 940 3225 etiam
960 3176 1060 3224 contra
1073 3166 1150 3241 quod
1168 3164 1306 3238 corrupti-

208 3247 265 3304 bile
283 3247 391 3304 eratin
411 3248 510 3305 melius
529 3257 734 3306 commutatum
755 3257 808 3314 est,
828 3257 1012 3321 mentumque
1032 3255 1116 3321 atque
1137 3244 1306 3309 immortale.

208 3328 447 3401 quemadmodum
469 3328 556 3404 ipsius
568 3329 699 3386 voluntas
720 3327 781 3395 suit,
797 3328 929 3385 effectum
944 3335 1004 3384 est:
1029 3326 1184 3401 quinetiam
1206 3325 1307 3382 divinis

208 3408 253 3464 sui
267 3408 356 3481 patrio
370 3409 495 3465 coneiliie
508 3417 592 3484 atque
606 3408 764 3466 actionibus
782 3407 842 3482 ipse
860 3407 973 3464 interim
988 3405 1165 3462 inserviebat.
1202 3405 1306 3461 Totum

207 3488 296 3562 igitur
311 3487 366 3545 hoo
385 3488 531 3544 hominum
552 3489 761 3546 amantissimus
779 3488 858 3544 Deua
877 3486 985 3559 Deique
999 3485 1127 3541 Verbum
1147 3501 1199 3557 pro
1221 3500 1306 3538 cuno-

207 3577 304 3624 torum
318 3567 464 3625 homiuum
480 3567 590 3626 medela
607 3577 637 3626 et
655 3569 745 3624 salute
759 3567 875 3624 vocibus
890 3565 1002 3622 interim
1021 3562 1223 3639 prophetarum
1238 3579 1305 3616 con-

208 3656 344 3704 sentanea
366 3667 469 3722 gorens
491 3649 594 3714 effecit,
614 3649 662 3723 qui
683 3648 795 3722 quidem
816 3646 962 3722 prophetae
982 3651 1063 3701 tanto
1083 3649 1149 3699 ante
1170 3661 1188 3697 a
1207 3639 1306 3715 priscis

208 3745 298 3802 usquo
321 3727 497 3802 temporibus
526 3729 719 3786 admirabilem
744 3726 831 3801 ipsios
854 3727 889 3783 de
912 3725 1023 3799 virgine
1047 3731 1140 3780 ortum
1163 3720 1306 3779 testificati

207 3808 328 3864 fueraut
371 3808 460 3864 Porro
484 3816 579 3865 autem
602 3808 754 3865 admodum
776 3807 935 3864 necessario
956 3804 1022 3861 huic
1043 3802 1150 3860 Christi
1173 3801 1248 3858 ortui
1270 3800 1306 3858 de

207 3887 319 3962 virgine
339 3888 479 3962 propheta
496 3889 643 3963 anteponit
664 3888 692 3944 id
714 3887 790 3962 quod
810 3887 911 3945 reddat
927 3895 1077 3950 attentum,
1093 3883 1248 3940 inclamans
1269 3881 1306 3938 ad

207 3985 259 4024 eoo
272 3967 320 4041 qui
334 3967 396 4043 ipsa
409 3968 471 4026 hmo
484 3969 600 4026 audiant
614 3969 701 4025 illud:
721 3967 756 4025 sa·
768 3987 821 4024 aon
832 3969 1009 4030 credideritis,
1021 3983 1074 4020 που
1086 3964 1251 4039 ιἰιιεὶἰὶρεθε,
1260 3962 1304 4019 oui

207 4047 341 4122 deinoepo
355 4049 485 4123 adjungit
499 4068 541 4114 ea,
553 4068 616 4123 quae
629 4049 658 4104 in
672 4049 749 4105 huno
762 4047 878 4104 modurn
893 4066 923 4104 se
937 4046 1059 4103 habent:
1076 4043 1110 4101 Si
1122 4063 1175 4101 που
1187 4043 1305 4099 credide-
1405 4080 1410 4096 .
1431 4081 1435 4092 .

208 4130 276 4192 ritis,
284 4146 338 4184 ποιι
353 4131 519 4204 inteltiqetis.
557 4131 595 4185 Et
609 4127 709 4201 adjecit
720 4128 857 4184 Dominus
867 4127 941 4200 loqui
951 4125 1093 4183 odAcboa
1104 4123 1222 4182 dicent?
1236 4122 1306 4178 Pete

208 4208 257 4263 tibi
266 4209 372 4282 είρπυυι
385 4227 404 4264 α
419 4209 540 4265 Domino
550 4211 609 4265 Deo
625 4217 671 4265 tuo
684 4212 713 4264 ιἰι
726 4207 894 4282 profundum
904 4213 953 4263 aut
965 4207 992 4261 ιἰι
1005 4205 1147 4262 συσσίτους.
1184 4203 1225 4259 Et
1236 4203 1306 4258 dixit

209 4287 319 4344 Arbua:
332 4287 394 4343 Non
401 4299 504 4363 petam,
512 4307 597 4363 πεηυε
607 4289 872 4346 tentaboDominum.
890 4287 932 4343 Et
940 4287 1025 4342 dixit:
1036 4286 1137 4341 Audite
1138 4283 1201 4354 jam
1211 4282 1306 4336 domno

732 4399 779 4438 Μ
