3130 4722
58 261 107 274 —
116 229 191 312 360.
446 233 676 303 DEMONS'I'.
700 237 871 303 EVANG.
895 239 975 302 VII.
990 259 1022 324 3.
1244 243 1308 309 719

205 396 397 498 ἂνόμοίως
420 401 566 482 κατότι
589 402 707 483 κοινὸν
731 407 885 504 σημεῖον
911 402 975 485 τὸν
1001 404 1110 484 αὑτὸν
1138 405 1307 509 κηρυττό-

163 555 322 624 εεμενον.
381 529 432 605 Ἡ
459 525 525 625 μὲν
554 526 626 629 γὰρ
654 528 756 631 ἔλεγε
784 534 866 633 περὶ
893 539 956 609 τοῦ
984 532 1022 610 εἰι
1050 531 1146 634 ῥίζης
1167 533 1306 613 Ἰεσσαὶ

203 653 574 753 commemo,
591 664 650 735 ιιοοὶ
672 654 767 736 ἔσται
786 665 821 736 'o‘
839 655 1058 761 ἀνιστάμενος
1075 656 1187 765 άρχιιι
1207 657 1305 749 ἑθνοῖν,

204 779 258 858 ἔπ’
279 784 370 886 αὐτῷ
390 779 453 874 θθνη
474 784 655 861 ἑλπιοῧσιν·
686 782 708 879 ἡ
733 780 772 861 δὲ
794 788 876 885 περὶ
900 790 966 862 τοῦ
991 789 1066 863 υἱοῦ
1091 782 1328 885 Συλόμωνοςε

201 901 255 1000 τὸ,
277 905 529 1016 κατακυριείσει
547 907 618 987 άπὶι
644 905 824 1002 θαλάσσης
850 906 909 993 ἕως
935 904 1127 1002 θαλάσσης,
1150 917 1210 990 καὶ
1232 911 1303 992 άπῖι

202 1034 361 1133 ποταμοῦ
383 1028 443 1117 ἕως
462 1032 609 1140 περάτων
627 1032 685 1127 τῆς
704 1031 900 1139 οἰκουμένης,
923 1044 982 1114 καὶ
1007 1035 1303 1138 ένιυλογηθήσοντοοι

203 1159 233 1237 ἓν
252 1157 475 1267 αὑτῷπάντα
490 1158 537 1239 τά
555 1159 632 1254 ἔθνη·
662 1161 685 1260 ή
709 1159 747 1240 δὲ
770 1159 861 1260 μετὰ
887 1167 1007 1265 χεῖρας
1027 1163 1303 1264 παραπλησίως,
1314 1199 1345 1236 ιο

203 1281 264 1369 θοις
284 1280 325 1364 air
343 1282 429 1400 ίλθη,
449 1285 620 1394 φησὶν,ᾦ
646 1287 841 1376 άπίιιειτοιι,
863 1295 923 1368 soi
947 1286 1048 1372 airis
1072 1287 1167 1368 ίστοιι
1195 1325 1300 1395 προσ-

158 1404 303 1492 somnia
327 1409 425 1491 ε’θνῶν.
485 1417 531 1490 Ei
555 1411 599 1511 δή
624 1413 686 1491 οὖν
708 1408 930 1518 συνᾴδουσιν
948 1416 984 1490 ui
1002 1414 1084 1513 περὶ
1100 1418 1174 1492 τῶν
1191 1415 1330 1494 ε’θνῶνᾶ

201 1536 429 1640 προρρήσεις,
447 1539 713 1642 ἀπεδείχθησαν
731 1536 768 1618 δὲ
786 1543 824 1617 αἱ
840 1535 913 1641 πρὸ
931 1537 1067 1618 τούτων
1085 1539 1222 1642 ὁρῶσαι
1239 1533 1303 1618 τὸν

201 1662 371 1765 ήμίσερον
397 1668 559 1766 Σωτῆρα,
582 1661 683 1744 οὐδὲν
710 1661 756 1742 ἂν
783 1664 836 1764 ε’ίη
862 1661 1028 1763 ἐμποδίου
1053 1664 1104 1765 μῆ
1132 1666 1211 1771 οὐχὶ
1238 1665 1301 1746 τὸν

201 1787 310 1868 αι’ντδν
322 1788 470 1884 βλέπειν
489 1792 549 1870 καὶ
567 1788 634 1889 τῆν
651 1798 851 1892 παροῦσαν,
870 1790 967 1893 εἴπερ
985 1787 1167 1898 σύμφωνα
1184 1791 1322 1893 ἀλλήι

200 1930 282 1999 λαις
309 1919 568 2018 ὁμολογοῦνται
596 1914 785 2016 θεσπίζειν,
811 1914 975 2015 μάλιστα
1002 1918 1077 1998 ’ὅτε
1105 1918 1208 2024 με’χρι
1235 1918 1300 2019 μὲν

198 2048 272 2121 τῶν
297 2041 436 2146 χρόνων
459 2047 523 2142 τῆς
547 2051 611 2122 τοῦ
637 2047 803 2146 Σωτῆρος
827 2044 928 2141 ήμῶν
952 2045 1155 2151 ἐπιφανείας
1178 2051 1211 2126 oi
1235 2055 1300 2127 τοῦ

198 2167 379 2248 Ἰουδαίων
396 2167 517 2254 ἔθνους
532 2171 701 2273 ἄρχοντες
719 2173 777 2250 καὶ
795 2170 982 2271 ἡγούμενοι
1000 2173 1117 2251 αὐτῶν
1140 2174 1180 2251 εἰς
1202 2205 1294 2275 προ·

199 2296 316 2397 γόνων
335 2299 499 2400 διαδοχῆς
518 2295 799 2396 συνεστήκεσαν,
817 2297 894 2395 ἅμα
911 2296 949 2378 δὲ
967 2303 1013 2402 τῇ
1032 2299 1140 2378 αὑτοῦ
1155 2333 1292 2401 παρου-
1309 2331 1338 2365 ¹0

198 2423 264 2528 σία
297 2423 584 2520 διαλελοίπεσαν,
613 2424 702 2522 ὁμοῦ
729 2458 768 2504 τε
800 2425 823 2524 ή
856 2430 929 2504 τῶν
957 2427 1069 2504 ἐθνῶν
1099 2424 1299 2527 προσδοκία

197 2545 304 2630 τέλος
325 2550 436 2648 ἐπῆγε
462 2553 507 2654 τῇ
534 2556 598 2628 τοῦ
614 2549 748 2642 Ἰακὼβ
772 2548 981 2652 προρρήσει.
1042 2550 1187 2628 Οὐκοῦν
1215 2552 1299 2628 κάν-

158 2680 312 2753 ιιταῦθα
331 2675 351 2753 ὁ
370 2671 532 2774 Χριστὸς
550 2672 776 2773 δηλούμενος,
795 2679 853 2754 καὶ
879 2673 958 2754 οὐδὲ
977 2674 1103 2771 άλλως,
1121 2676 1160 2754 ἐκ
1179 2679 1298 2776 φυλῆς

495 2853 611 2908 remo.
627 2851 659 2906 P.
744 2851 813 2906 Βὅτε
827 2853 859 2908 P.
874 2854 903 2907 in
917 2872 1001 2926 marg.

196 3005 270 3062 sunt,
295 2996 458 3071 prophetias
486 2997 658 3072 opposueris,
687 2997 813 3054 inuenies
842 2996 924 3054 simili
952 2998 1062 3055 ratione
1089 2999 1126 3056 sd
1154 2998 1294 3074 quoddam

196 3078 311 3152 signum
325 3097 476 3135 commune
496 3097 582 3134 unum
602 3085 689 3152 etque
702 3078 823 3134 eundem
838 3077 974 3136 nuncinri.
1016 3079 1069 3136 Ills
1083 3079 1196 3154 quidem
1212 3080 1247 3137 de
1261 3098 1296 3138 eo

196 3158 316 3223 dicebat,
332 3158 379 3232 qui
393 3158 534 3215 deradice
546 3157 629 3215 Jessc
643 3166 718 3214 esset
732 3168 916 3225 surrecturus,
933 3161 971 3218 Et
985 3164 1038 3218 crit
1052 3164 1099 3234 qui
1112 3164 1199 3236 ουτρὶι
1211 3162 1294 3235 impe-

196 3239 405 3314 rumpentibus,
419 3241 447 3295 in
461 3241 518 3315 ι’ρςο
531 3247 624 3312 gentes
642 3239 796 3314 sperabunt.
839 3240 903 3296 Alia
916 3259 984 3298 vero
999 3241 1034 3297 de
1048 3241 1106 3297 filio
1121 3239 1293 3306 Solomonis.

197 3319 235 3375 Et
248 3320 461 3376 ᾰοννιίιιοθίιοινυ
475 3323 545 3376 muri
561 3337 642 3392 ιιυριιο
656 3323 693 3376 ud
706 3339 790 3385 more,
805 3328 832 3376 et
845 3320 986 3397 ostumine
1000 3339 1083 3394 ιιοιριιε
1096 3322 1210 3395 adfines
1223 3321 1295 3378 orbis
1366 3362 1371 3374 .
1406 3362 1413 3382 ,
1437 3359 1443 3375 .

197 3407 285 3465 terre,
300 3408 327 3456 et
342 3401 528 3457 benedicentur
542 3403 569 3456 in
590 3419 621 3457 eo
642 3418 732 3456 omnes
750 3409 850 3474 gentes.
893 3401 936 3457 Ea
949 3419 1017 3457 vero
1032 3419 1115 3474 quam
1129 3419 1205 3456 nuuc
1218 3409 1292 3457 trac-

195 3481 311 3537 tandum
326 3482 539 3558 assumpsimus,
553 3481 662 3548 itidem,
681 3479 776 3538 Donec
789 3483 890 3546 veniat,
905 3480 1003 3555 inquit,
1019 3483 1062 3538 cui
1084 3483 1230 3552 repositum
1244 3489 1292 3545 est,

196 3569 223 3618 et
246 3563 302 3636 ipse
323 3564 376 3617 erit
396 3565 546 3638 expectatio
565 3564 693 3636 pestium.
736 3560 822 3629 Quod
843 3562 866 3617 si
887 3560 949 3617 haec
968 3561 1004 3618 de
1026 3559 1160 3634 gentibus
1180 3559 1294 3618 oraculo

195 3643 377 3707 concordant,
392 3650 421 3698 et
435 3651 581 3698 ostensum
596 3650 639 3698 est
653 3641 891 3716 quemadmodum
905 3661 939 3698 eu
953 3659 1072 3716 quoque,
1082 3658 1144 3713 quae
1158 3639 1220 3696 haeo
1232 3639 1294 3713 ipss

195 3729 418 3787 antecesserunt,
433 3723 470 3780 ud
489 3721 666 3779 Salvatorem
687 3731 816 3779 nostrum
837 3730 976 3797 spectant,
991 3721 1061 3778 nihil
1075 3719 1194 3794 amplius
1208 3720 1294 3776 fuerit

195 3801 409 3876 impedimento,
425 3803 492 3878 quin
506 3803 561 3859 hoc
574 3801 667 3877 ipsum
681 3820 792 3876 quoque
806 3803 882 3877 quod
903 3821 978 3860 nunc
992 3809 1155 3864 tractemus,
1171 3799 1293 3857 eundem

195 3881 273 3938 illum
288 3882 438 3958 respiciat:
455 3882 682 3958 qnandoquidem
693 3883 753 3957 jam
768 3902 934 3940 conoessum
948 3891 1001 3948 est,
1015 3889 1207 3938 consentanea
1220 3880 1295 3938 iuter

195 3979 227 4018 se
249 3963 286 4020 ab
310 3963 442 4021 omuibus
464 3964 518 4020 illis
542 3963 678 4020 divinari:
707 3962 863 4036 praesertim
888 3982 973 4037 quum
996 3980 1085 4036 usque
1107 3961 1143 4019 ed
1165 3971 1295 4036 temporo

195 4041 334 4099 edvemus
359 4042 514 4100 Salvatoris
535 4043 637 4108 nostri,
662 4042 788 4100 Juduicse
813 4044 908 4118 gentis
935 4043 1086 4118 principes,
1111 4041 1295 4117 ejusdemque

195 4123 291 4187 doces,
306 4142 342 4179 ex
358 4125 497 4199 majorum
518 4142 632 4180 suorum
652 4122 830 4180 successione
848 4123 1064 4198 permanserint,
1077 4141 1135 4180 uno
1147 4142 1215 4180 sero
1229 4141 1293 4180 cum

195 4203 257 4276 ejus
270 4203 395 4260 adventu
412 4203 575 4270 defecerint,
591 4203 775 4278 gentiumque
795 4203 902 4278 pariter
922 4204 1082 4278 expectatio
1100 4204 1185 4260 finem
1206 4202 1294 4278 ipsius

193 4282 285 4340 Jacob
299 4283 433 4341 vaticinio
454 4285 630 4360 imposuerit.
672 4283 765 4359 Igitur
785 4283 840 4340 hoc
861 4283 946 4340 etism
968 4283 998 4340 in
1012 4283 1076 4340 loco
1091 4283 1232 4344 Christus,
1247 4281 1297 4355 qui
