3142 4720
254 259 320 320 uu
700 255 887 322 aosauu
1331 266 1504 336 ρηο-

253 426 275 523 ή
304 423 394 506 κατὰ
423 422 485 505 τὸν
516 425 681 510 Μωσέως
706 423 816 524 νόμον
841 429 878 505 ἐν
902 420 1208 530 τῇἹερουσαλὴμ
1234 419 1374 504 πιίλαιε

251 551 426 656 πρότερον
453 554 717 654 συντελουμένη
745 551 932 652 σωματικὴ
966 554 1024 631 καὶ
1050 547 1226 647 ’laudaturi
1259 553 1347 649 θρη-

253 681 369 768 σκεία,
397 677 443 778 ἢν
467 678 826 779 ἆποκλεισθήσεσθαι
854 677 977 781 ὥσπερ
1005 675 1351 782 ἀποφραχθεῖσανὸ

251 804 377 909 παρὼν
389 804 499 908 λόγος
514 805 670 908 θεσπίζει
686 803 850 912 φάσκων,
865 814 933 885 Καὶ
950 801 1228 912 ἐμφραχθῆσετιιι
1244 805 1262 895 ἡ
1282 836 1352 880 κοι-

252 928 323 1016 λῖις
342 931 401 1011 τίίν
420 932 509 1038 ὁρέων
526 969 604 1033 μου,
627 941 686 1012 καὶ
711 929 994 1034 ἕγιιιλληίιὶσιται
1014 929 1160 1037 φάραγξ
1184 926 1271 1036 ὁρέων
1290 926 1352 1012 ior
1365 963 1395 1000 ¹⁰

216 1053 401 1149 33'Aoairb,
424 1067 483 1136 uui
507 1055 812 1163 ἐμφραχθιὶσεται;
843 1057 948 1135 Ἀνθ’
968 1051 1018 1133 ὧν
1036 1057 1057 1134 ὁ
1076 1053 1271 1157 Σύμμαχος
1288 1087 1352 1132 πε-

252 1183 384 1281 ποίηκε,
406 1191 475 1262 Καὶ
500 1181 778 1289 ε’ρῦφριιχθίσεται
798 1187 815 1274 ἦ
837 1182 983 1288 φάραγξ
1001 1179 1064 1260 τῦν
1082 1181 1170 1285 ὁρέων
1188 1181 1265 1282 μιῧ,
1287 1182 1350 1260 καῖ

254 1308 299 1387 ίτι
319 1310 463 1411 ἕγγιείῆ
482 1307 627 1414 φιίραγξ
644 1308 705 1388 τῶν
730 1305 819 1416 ι’ρέων
844 1307 925 1410 πρὶς
948 1307 983 1386 τῦ
1011 1308 1264 1410 παρακείμενον,
1287 1311 1379 1384 καὶᾶ

254 1434 543 1541 ἑμφραχίνὶσεται,
564 1437 606 1513 δι’
627 1431 677 1513 niv
700 1435 903 1536 παρίστησι
926 1430 968 1512 τὸ
992 1431 1105 1511 α’ίτιον
1123 1435 1186 1530 τῆς
1204 1433 1348 1536 ε’μφρα·

252 1561 400 1664 χθείσης
418 1559 618 1666 φάραγγος.
678 1559 729 1639 Τί
744 1557 782 1638 δέ
800 1556 845 1657 ἦν
862 1566 976 1654 τοῦτο,
995 1559 1079 1636 ἀλλ’
1100 1555 1123 1656 ἢ
1142 1557 1184 1636 τὸ
1206 1557 1350 1657 ἐγγίσαι

253 1684 363 1785 αὐτὴν
381 1689 439 1766 καὶ
457 1686 664 1785 πλησιάσαι
689 1692 740 1792 τῷ
765 1682 1009 1790 παρακειμένῳ
1027 1683 1143 1787 σία-ᾗς
1174 1687 1293 1762 Τοῦτο
1312 1682 1373 1763 dds

252 1809 297 1909 ἦν
314 1811 356 1890 τὸ
374 1822 438 1892 τοῦ
460 1814 593 1914 Κυρίου
611 1811 694 1915 ὅρος
710 1811 752 1892 τὸ
770 1817 843 1890 τῶν
862 1813 991 1889 ἐλαιῶν
1011 1807 1349 1911 προωνομασμένον,

211 1978 244 2026 ³4
253 1937 339 2040 ὅπερ
351 1937 499 2038 Ἀσαὴλ
513 1938 720 2036 ὠνόμασται
738 1936 837 2039 παρὰ
855 1945 928 2021 τοῖς
940 1933 1197 2034 ἐβδομήκοντα.
1229 1944 1353 2035 Δηλοῖ

251 2064 289 2144 δέ
307 2074 411 2144 τοῦτο
431 2063 522 2144 κατὰ
539 2062 604 2162 τὴν
615 2063 795 2165 Ἑβραίων
814 2061 938 2169 φωνὴν
957 2064 1083 2155 ποίησιν
1103 2064 1199 2141 Θεοῦ.
1237 2063 1345 2140 Οὕτω

250 2189 298 2288 δὲ,
318 2193 441 2296 φησὶν,
461 2191 483 2290 ἡ
507 2189 647 2270 παλαιὰ
672 2187 825 2297 φάραγξ
838 2187 1086 2288 πλησιάσασα
1109 2191 1160 2294 τῷ
1186 2185 1269 2288 ὄρει,
1288 2191 1346 2266 καὶ
1359 2218 1389 2254 10

249 2324 293 2421 τῇ
312 2323 477 2420 Χριστοῦ
494 2318 678 2423 ἐκκλησίᾳ,
697 2323 748 2424 τῷ
766 2351 805 2396 τε
822 2313 992 2414 ποιήματι
1011 2321 1117 2412 Θεοῦ,
1135 2314 1346 2418 ἐμφραχθή-

250 2476 353 2521 σεται
381 2446 439 2520 καὶ
467 2442 804 2542 ἀποκλεισθήσεται,
831 2441 871 2521 ὃν
902 2441 1037 2544 τρόπον
1064 2438 1243 2544 ἐυεφράγη
1272 2439 1344 2520 ἀπὸ

248 2566 448 2670 προσώπου
478 2576 543 2647 τοῦ
574 2576 729 2666 σεισμοῦ
766 2569 804 2647 έν
836 2568 979 2669 ἡμέραις
1007 2564 1131 2667 Ὀζίου
1164 2565 1347 2660 βασιλέως

207 2691 376 2776 οεἸοιίδα.
437 2699 564 2794 Ζητῶν
589 2692 626 2772 δέ
651 2695 734 2796 παρ’
755 2696 907 2798 ἐμαυτῷ,
925 2697 984 2773 καὶ
1008 2691 1073 2775 τὰς
1091 2693 1185 2775 θείας
1202 2689 1386 2794 περιϊὼνΡ·
1399 2710 1463 2778 291

249 2817 405 2925 γραφὰς,
423 2819 457 2899 εί
476 2855 563 2901 ποτε
588 2821 627 2899 ε’ν
652 2826 728 2903 ταῖς
750 2818 893 2922 ἡμέραις
911 2817 1034 2921 Ὀζίου
1059 2818 1082 2916 ἦ
1102 2821 1253 2896 ἐνταῦθα
1277 2823 1342 2917 δη·

250 3057 316 3114 olim
332 3065 417 3113 antea
431 3056 625 3113 celebrabatur
641 3074 677 3113 ex
695 3055 759 3130 lege
776 3054 869 3111 Mosis
889 3054 919 3111 in
940 3053 1118 3111 Hierusalem
1137 3053 1291 3127 corporalis
1313 3061 1343 3110 et

248 3137 368 3194 ,Iudaico
381 3136 517 3200 adoratio,
533 3155 616 3210 quam
631 3135 744 3210 quidem
766 3136 909 3192 occlusum
930 3134 964 3191 ini
984 3133 1063 3208 quasi
1082 3133 1260 3190 obturatione
1275 3152 1344 3207 quo.

250 3217 316 3274 dam
338 3234 462 3290 praesens
483 3216 626 3273 oraculum
646 3217 730 3282 oonit,
746 3216 853 3281 dicens,
870 3217 908 3270 Et
929 3215 1097 3272 obturabitur
1110 3213 1192 3270 uallis
1212 3216 1344 3270 orontium

248 3315 376 3362 meorum,
392 3305 419 3353 et
432 3297 660 3372 coopiutinabitur
673 3297 804 3354 convallis
817 3298 958 3360 montium,
968 3313 1053 3369 unque
1066 3297 1102 3350 ud
1116 3295 1210 3359 Λευεὶ,
1226 3302 1253 3350 et
1267 3294 1343 3350 obtu-

248 3376 381 3435 rabitur?
402 3376 456 3433 Pro
472 3377 573 3452 quibus
586 3377 680 3434 verbis
695 3376 883 3452 Symmachus
897 3374 1020 3432 reddidit
1034 3375 1104 3438 haeo,
1119 3375 1158 3430 Et
1171 3373 1345 3430 obturabitur

247 3460 328 3516 aalide
338 3459 468 3516 mortium
477 3467 636 3523 meorum,et
643 3466 775 3532 praterea
783 3455 1009 3532 appropinquabit
1018 3457 1149 3512 convallia
1157 3456 1296 3517 mortium,
1307 3456 1345 3509 ad

247 3541 276 3597 id
289 3541 362 3616 quod
374 3543 528 3615 appositum
541 3548 581 3596 eet
596 3547 622 3595 et
636 3539 816 3602 obturabitur,
832 3536 878 3592 nbi
894 3555 962 3593 eane
975 3536 1023 3592 ille
1037 3554 1150 3592 cauum
1164 3535 1279 3598 indicat,
1294 3552 1345 3590 cnr

247 3621 379 3679 obturato
392 3621 429 3678 eit
443 3619 587 3677 convallis.
617 3620 689 3688 Quae
704 3636 788 3693 porro
798 3618 861 3673 hoeo
875 3617 937 3683 alia,
947 3636 1030 3691 quarn
1042 3634 1103 3673 eam
1119 3614 1344 3690 appropInqnare

247 3709 276 3758 et
290 3702 411 3758 vicinum
434 3701 493 3758 fieri
513 3701 548 3764 ei,
564 3700 639 3774 quod
661 3699 715 3773 ipsi
733 3699 893 3773 appositum
915 3697 982 3754 eet?
1006 3697 1061 3753 Hic
1082 3704 1177 3752 nutem
1198 3703 1242 3752 est
1261 3712 1344 3750 mone

247 3780 374 3846 Domini,
391 3781 438 3855 qui
459 3781 595 3838 olivarnm
617 3787 701 3836 antea
722 3787 766 3835 est
784 3777 949 3852 appellatur,
969 3777 1071 3852 quique
1088 3776 1173 3832 Aeael
1195 3775 1286 3831 dictus
1307 3775 1343 3830 ab

245 3859 314 3933 ipsis
329 3859 525 3936 Septuaginta.
569 3859 718 3934 Significat
732 3877 800 3915 vero
813 3858 888 3932 opud
903 3858 1041 3922 Hebraeoe
1059 3875 1093 3913 ea
1106 3875 1170 3920 uox,
1185 3873 1256 3930 opne
1269 3855 1341 3911 Dei:

246 3938 286 3996 uic
308 3958 376 3996 vero
403 3941 518 4014 (inquit)
545 3949 627 3997 vetus
655 3939 790 3996 convallis
813 3940 902 3995 monti
927 3938 1155 4013 appropinquans
1182 3944 1212 3992 et
1237 3934 1343 3992 christi

245 4019 379 4087 eocleeiae,
395 4029 478 4094 atque
499 4020 578 4095 operi
594 4019 658 4085 Dei,
673 4018 851 4076 obturabitur
871 4028 901 4076 et
917 4019 1090 4082 occludetnr,
1104 4015 1342 4091 quemadmodum

245 4100 378 4157 obturata
398 4110 442 4156 est
460 4120 479 4157 o
494 4100 566 4157 facie
580 4109 758 4158 terraemotus
776 4101 806 4156 in
820 4099 919 4157 diebus
933 4099 1013 4156 Oziae
1026 4099 1102 4172 regie
1116 4097 1136 4153 J
1139 4097 1203 4153 uda.
1245 4096 1342 4164 Quum

244 4196 314 4234 vero
325 4179 375 4235 diu
391 4180 465 4252 opud
479 4179 617 4251 meipsum
632 4181 799 4254 quaeeierirn,
811 4189 841 4236 et
855 4180 963 4236 divinus
977 4179 1131 4255 scripturae
1145 4177 1341 4252 percurrerim,

245 4265 277 4312 ut
291 4258 456 4322 invenirem,
471 4258 621 4328 siquando
636 4277 669 4315 eu
683 4259 828 4324 convallis,
843 4259 878 4316 de
892 4277 948 4332 quo
961 4258 1007 4314 hic
1021 4277 1115 4314 sermo
1130 4266 1183 4322 est,
1198 4257 1227 4312 in
1242 4255 1343 4313 diebus
