3144 4720
50 274 184 340 -419.
440 259 1002 333 nnnousn.nvnuo.1x.1.
1075 251 1083 263 '
1236 273 1297 335 ιιι

193 418 258 504 τὰς
278 420 545 530 Μωαβίτιδαο·)
571 425 713 509 εἰκότως
731 424 773 504 τὸ
792 423 949 524 ’μέλλον
968 425 1122 506 ἔσεσθαί
1135 459 1224 508 ποτε
1242 430 1301 507 καὶ

194 541 261 644 τὴν
278 551 325 629 είς
339 547 544 627 τούναντίον
559 555 633 629 τῶν
649 547 874 652 πραγμάτων
891 549 1098 664 μεταβολὴν
1116 551 1208 632 κατὰ
1225 586 1300 632 και-

194 667 260 773 ρὸν
277 672 297 749 ὁ
317 674 475 772 Βαλαὰμ
492 676 648 778 θεσπίζει
664 676 792 779 λέγων,
805 683 966 758 ιἰνατελιῖ
977 675 1093 788 ι’ίοτρον
1107 678 1142 785 ἐξ
1156 677 1301 777 Ἰακλιβ,

198 803 258 876 καὶ
286 799 511 892 ἀναστήσεται
540 799 705 906 ἅνθρωπος
736 802 772 908 ἐξ
799 802 949 909 Ἰσραλλ,
979 811 1039 884 καὶ
1068 802 1197 911 θραιίσει
1224 810 1301 907 ἡγε-
1313 846 1343 882 ιο

172 925 304 1026 ιμίνας
323 925 452 1017 Made.
503 928 608 1006 Ὡσεὶ
633 928 863 1034 σαφέστερον
889 927 1001 1031 ἐ’λεγε,
1020 930 1102 1015 τοὺς
1120 943 1299 1034 μεγαλαυ-

195 1047 381 1153 χήσαντας
408 1049 499 1131 κατὰ
526 1061 590 1132 τοῦ
611 1054 763 1156 Ἰσραὴλ
792 1057 962 1153 δαίμονας
989 1063 1061 1135 τῶν
1091 1061 1301 1152 Μωαβιτῶν

196 1177 255 1257 bri
280 1183 326 1280 τῇ
352 1178 488 1278 γενέσει
518 1186 583 1258 τοῦ
610 1182 923 1284 προφητενομένον
951 1183 1105 1286 θραῦσίν
1128 1218 1218 1263 ποτε
1243 1188 1301 1265 καὶ

196 1308 338 1382 πτῶσιν
364 1310 501 1401 παθεῖν,
528 1302 578 1384 ὧν
606 1305 866 1408 θραυσθέντων,
892 1305 975 1392 τοὺς
1002 1306 1097 1392 υἱοὺς
1125 1308 1213 1409 Σὴθ,
1241 1315 1415 1408 καὶμηιη

195 1427 329 1527 Ἐδὼμ,
354 1432 412 1509 καὶ
436 1431 573 1528 Ἠσαῦ,
601 1436 659 1511 καὶ
689 1431 736 1512 τὰ
767 1432 879 1512 λοιπὰ
907 1433 1001 1533 ἔθνη,
1028 1433 1053 1514 ἃ
1079 1433 1137 1514 διὰ
1164 1435 1300 1517 τούτων

195 1556 437 1656 σημαίνεσθαι
468 1559 631 1661 ἠγοῦμαι,
659 1557 705 1638 τὰ
736 1557 851 1639 πάλαι
884 1563 1222 1660 καταδεδουλωμένα
1254 1569 1300 1669 τῇ

196 1685 381 1789 δαιμονικῇ
399 1682 533 1790 πλάνη,
548 1683 801 1782 μεταβαλόντα
820 1689 884 1783 τῆς
900 1687 1174 1785 δεισιδαιμονίαι·
1192 1693 1301 1768 οἰκεῖα

196 1818 260 1889 τοῦ
287 1811 543 1913 θεσπιζομένον
567 1809 797 1912 γενήσεσθαι.
860 1819 930 1891 Καὶ
959 1812 1056 1892 ἔσται
1084 1811 1156 1917 γάρ
1184 1819 1323 1918 φησινι

196 1933 313 2042 Ἐθιῖιμ
341 1943 550 2046 κληρονομία,
577 1945 637 2018 καὶ
664 1937 761 2019 ἔσται
789 1943 988 2045 κληρονομία
1004 1942 1118 2020 Ἠσαῦ
1146 1949 1161 2020 ὁ
1190 1939 1300 2047 ε’χθρλε

172 2067 310 2144 θαύτοῦ.
352 2067 403 2144 Οί
420 2063 492 2168 γάρ
509 2063 626 2144 πάλαι
643 2067 763 2169 ἐχθροὶ
780 2073 845 2145 τοῦ
864 2070 960 2145 Θεοῦ
978 2067 1036 2144 καὶ
1053 2074 1117 2145 τοῦ
1135 2065 1299 2168 Ἰσραὴλ,

196 2192 301 2296 φησὶ,
312 2188 526 2291 γενήσονται
543 2192 763 2294 κληρονομία
779 2199 843 2270 τοῦ
860 2190 1184 2297 προφητευομένου.
1225 2193 1299 2270 Αὐ-

196 2313 258 2398 τὸς
280 2315 353 2418 γὰρ
370 2313 415 2414 ἦν
433 2314 462 2424 ᾧ
480 2317 597 2421 ε’ίρητο
619 2315 709 2420 πρὸς
726 2325 790 2396 τοῦ
816 2323 911 2396 Θεοῦ
937 2321 996 2396 καὶ
1019 2314 1155 2420 πατρὸς
1179 2318 1339 2414 atrata

197 2442 335 2532 οιίτησαι
354 2449 434 2550 παρ’
454 2443 543 2548 ἐμοῦ,
564 2451 623 2523 καὶ
644 2439 739 2522 θοίσω
757 2450 809 2523 σοὶ
829 2441 892 2537 ἔθνη
911 2442 963 2536 την
987 2447 1202 2552 κληρονομίαν
1225 2446 1294 2523 σοῧ.

190 2563 265 2646 Ὧν
288 2574 336 2652 eir
361 2569 424 2648 τὸν
451 2573 587 2670 κλῆρον
609 2577 683 2649 τῶν
707 2571 820 2672 ἁγίων
845 2569 1110 2667 μεταστάντων,
1129 2571 1328 2649 τάναντίαο

174 2699 249 2800 οτῷ
266 2693 418 2796 Ἰσραὴλ
437 2695 586 2775 ἔσεσθαι
608 2696 778 2800 θεσπίζει.
838 2699 937 2796 Φησὶ
961 2704 1059 2797 γοῦν,
1081 2713 1140 2776 καὶ
1160 2693 1297 2802 Ἰσραλλ

198 2822 345 2915 ἐποίησιν
369 2823 399 2901 ἐν
423 2821 530 2919 ίσχιίϊ.
588 2824 661 2901 “O
686 2821 723 2902 δὲ
750 2824 918 2922 ε’ποίησεν
941 2823 980 2901 ἐν
998 2821 1102 2926 ίσχιίῖ
1123 2820 1189 2920 τὴν
1206 2819 1298 2900 ποίν-

544 2979 674 3046 1’με’λλοιν
689 2977 718 3032 S.
801 2977 876 3052 tri]
893 2979 908 3032 ὁ
923 2978 951 3034 S.

196 3101 318 3158 foeminis
332 3101 526 3160 Moabitarum
546 3102 677 3160 fornioati
698 3105 776 3178 sunt)
792 3105 894 3162 merito
911 3104 987 3179 quod
1004 3103 1070 3162 olim
1086 3111 1147 3162 erat
1160 3103 1297 3171 futurum,

196 3201 291 3240 rerum
304 3183 401 3258 ntique
421 3183 452 3240 iu
469 3184 642 3241 contrarium
660 3185 846 3242 mutationem
859 3185 888 3241 in
903 3193 1031 3260 tempore
1045 3185 1153 3242 divinat
1167 3185 1296 3250 Balaam,

198 3263 304 3330 dicens,
321 3263 432 3321 Orietur
447 3267 527 3322 stello
548 3283 582 3321 ια
594 3265 691 3328 Jacob,
713 3273 740 3321 et
760 3271 853 3338 turget
875 3266 952 3320 λονιο
972 3283 1006 3321 ια
1020 3265 1117 3330 israel,
1138 3273 1164 3322 et
1176 3266 1297 3342 srrrrqet

198 3345 280 3401 dures
294 3345 386 3402 Moab.
417 3345 567 3420 Tanquam
581 3346 605 3402 si
619 3345 795 3402 manifestius
806 3345 921 3409 diceret,
934 3345 1125 3402 Moabitarum
1141 3345 1297 3410 doemones,

198 3424 244 3497 qni
258 3443 335 3481 nuno
349 3425 484 3484 adversus
498 3427 587 3483 Israel
606 3425 720 3501 gloriati
740 3434 817 3489 sunt.
831 3424 860 3481 in
874 3433 940 3481 ortu
954 3427 1015 3500 ejus
1029 3425 1064 3481 de
1079 3443 1134 3498 qoo
1149 3425 1209 3499 ipse
1225 3425 1296 3481 rsti-

198 3504 309 3562 oinatur
327 3505 494 3563 montionem
512 3507 629 3564 tandem
643 3514 672 3562 et
686 3506 795 3562 ruinam
808 3523 962 3580 passuros:
985 3504 1085 3579 quibus
1102 3504 1208 3569 fruetis,
1224 3505 1298 3562 filios

200 3583 282 3650 Seth,
297 3594 327 3643 et
341 3585 444 3652 Edam.
458 3596 489 3645 et
503 3586 592 3651 Esau,
606 3595 636 3644 et
649 3586 771 3661 reliquas
791 3593 903 3662 gentes,
918 3603 988 3660 qous
1002 3585 1048 3642 his
1061 3584 1223 3642 nominibus
1237 3585 1296 3660 sig-

200 3663 309 3722 nificari
326 3665 456 3732 arbitror,
471 3675 503 3724 ut
517 3667 584 3723 olim
605 3667 762 3724 doemonioo
780 3666 870 3724 errori
885 3666 1004 3723 addictae
1025 3673 1115 3730 arant,
1131 3665 1171 3722 sio
1191 3667 1297 3741 rejecta

201 3746 410 3819 superstitione,
423 3746 575 3804 familiares
589 3747 663 3804 illius
676 3747 786 3804 futures
800 3747 847 3823 qui
861 3756 997 3805 venturus
1011 3746 1130 3803 canitur.
1175 3747 1214 3802 Et
1232 3747 1297 3812 εηί,

201 3825 300 3899 inquit,
315 3825 405 3883 Edem
421 3828 572 3892 meditor,
586 3831 677 3884 eterit
693 3829 835 3886 hereditas
848 3827 925 3885 Εοαιι
938 3829 1060 3885 ἐπανίασι
1073 3823 1137 3898 ejus.
1166 3825 1297 3893 Veteres,

201 3905 301 3979 inquit,
326 3906 423 3964 hostes
448 3906 505 3964 Dei
526 3917 612 3982 atque
633 3908 721 3965 lsrael
745 3918 829 3966 erunt
850 3908 1001 3966 hereditas
1022 3908 1093 3982 ejus,
1116 3907 1164 3981 qui
1187 3906 1298 3964 osnitur

201 3985 322 4054 tuturus,
337 3986 397 4061 ipse
416 3987 491 4044 enim
511 3995 554 4044 ast
567 3987 613 4044 oui
627 3988 733 4045 dictum
748 3999 792 4046 est
808 3989 901 4046 sDeo
921 3997 951 4046 et
966 3996 1046 4062 patre
1067 4005 1129 4053 suo,
1145 3989 1298 4045 Postular
1341 4001 1435 4050 roes.

201 4083 254 4132 me,
276 4075 304 4123 et
327 4068 399 4124 dubo
422 4069 471 4124 tibi
491 4075 585 4141 genter
606 4068 786 4126 hereditatem
811 4077 896 4127 turm.
939 4068 1012 4136 Qasr
1035 4086 1120 4142 quum
1143 4068 1173 4124 in
1192 4077 1297 4126 sortem

202 4154 364 4204 sanctornm
379 4148 552 4213 transierint,
563 4149 704 4205 contrariu
717 4148 771 4223 ipsi
782 4149 870 4205 lsmel
880 4149 941 4205 fore
955 4147 1072 4206 divinat,
1103 4147 1152 4206 Ait
1165 4148 1262 4224 igitur,
1273 4156 1300 4206 et

202 4225 366 4302 Iuoelserit
379 4228 408 4284 ιἰι
421 4230 534 4285 robore:
550 4228 618 4286 fecit
628 4237 723 4286 aetem
733 4229 762 4286 in
772 4229 874 4285 robore
886 4228 1011 4286 omnium
1026 4229 1180 4286 maximum
1192 4229 1298 4294 scelusr

203 4315 375 4382 quspropter
393 4308 562 4366 excitsbitur
581 4316 611 4366 et
624 4317 754 4385 exurget.
797 4309 870 4378 Quis
886 4309 1002 4367 tandem
1020 4309 1075 4368 iste
1096 4309 1150 4366 nisi
1170 4309 1195 4366 is
1216 4309 1263 4384 qui
1283 4327 1301 4366 a
