3144 4720
36 279 87 292 -
97 247 189 330 386.
459 250 686 316 DEMONS'I.
711 251 880 315 EVANG.
904 250 1003 314 VIII.
1022 268 1052 315 2.
1243 249 1307 318 '169

199 414 267 514 ρὸν
293 414 453 518 φανεῖσα
481 395 742 518 παρελήλυθεν.
801 419 851 496 Ἡ
883 415 920 496 δὲ
952 414 1010 496 dui
1041 422 1106 494 τοῦ
1137 419 1304 517 Σοντῆρος

201 538 302 634 ἡμῶν
325 539 598 639 κατηγγελμένη
623 539 840 640 δικαιοσύνη,
860 542 1077 639 διαμένουσα
1095 543 1143 623 εἰς
1160 538 1202 619 τὸ
1222 541 1328 638 dap-⁰

200 661 306 759 νεκές,
330 663 470 748 εἰκότως
497 665 635 749 αῖάνιος
662 664 949 768 προσηγόρευται
974 663 1192 763 δικαιοσύνη,
1212 661 1303 746 acaci

199 787 265 867 τὸν
284 788 451 891 Γαβριὴλ
469 789 651 894 φήσαντα,
673 799 732 872 καὶ
753 794 807 868 τοῦ
827 795 976 892 ἀγαγεῖν
995 785 1198 884 dructemirus
1215 792 1301 870 αἰώ-

150 945 273 994 aoruca.
321 917 424 994 Ἀντῖ
448 915 486 994 δὲ
515 925 575 996 ναὶ
602 919 658 995 τοῦ
680 921 877 1022 σφραγίσαι
903 917 1011 1022 ’ὅρασιν
1036 919 1097 996 καῖ
1125 919 1300 1022 προφήτην,

201 1037 412 1142 κυριαῖτερόν
430 1073 491 1137 μοι
510 1044 608 1120 δοκεῖ
621 1040 846 1140 πεποιηκέναι
874 1045 894 1121 ὁ
912 1042 1081 1138 Ἀκύλας,
1102 1041 1220 1141 εἰπὼν,
1241 1055 1324 1125 καῖε

199 1165 255 1240 τῶ
282 1163 422 1243 τιλέσαι
449 1165 681 1270 ὁραματισράν
711 1171 769 1245 καὶ
799 1169 976 1274 apud-iasa.
1036 1168 1095 1246 Οὐ
1114 1167 1185 1270 γὰρ
1206 1171 1298 1249 ἀπο·

198 1295 342 1367 κλεῖσαι
367 1291 427 1367 καὶ
453 1285 579 1390 ὥσπερ
597 1290 805 1395 σφραγῖσαι
829 1290 894 1374 τὰς
915 1292 1141 1398 προφητικάς
1159 1291 1303 1396 ὁράσεις

198 1411 482 1511 ἐπιδεδήμηκενὸ
502 1411 629 1513 Σωτὴρ
647 1414 706 1491 καῖ
726 1411 858 1516 Κύριος
871 1415 981 1512 ἡμῶν,
997 1414 1036 1498 ὅς
1050 1447 1092 1514 γε
1110 1419 1168 1495 καὶ
1185 1415 1302 1496 πάλαι

199 1539 312 1620 οὔσας
341 1539 495 1642 ἀσαφεῖς
524 1541 583 1617 καὶ
614 1539 985 1642 κατεσφραγισμένας,
1015 1539 1140 1643 ὥσπερ
1169 1544 1340 1622 lama-10

197 1661 306 1757 μένας
334 1661 509 1763 περιελάν
535 1665 754 1766 σφραγῖδας,
780 1662 916 1769 ἀνέῳξε
938 1697 978 1742 τε
1005 1669 1065 1744 καὶ
1092 1666 1329 1766 ἀνήπλωσε,ι1

198 1793 272 1869 τοῖς
301 1789 427 1866 ἑαυτοῦ
454 1792 628 1885 μαθηταῖς
657 1786 721 1866 τάν
748 1796 831 1866 νοιῖν
859 1795 932 1867 τῶν
960 1791 1063 1868 θείων
1084 1791 1299 1893 παραδιδοὺς

151 1960 187 2007 3¹
197 1908 430 2010 γραμμάτων.
483 1911 609 2006 Ὅθεν,
637 1907 713 2008 ilai,
736 1916 861 2016 φησὶν,
891 1917 1029 2007 ἐνίκησεν
1058 1925 1072 1996 i
1102 1915 1184 1996 λεἰυν
1214 1927 1229 1998 c‘
1259 1920 1299 1998 ia

197 2036 309 2139 φυλῖῖς
327 2033 448 2126 'lacida
470 2046 530 2119 acl
552 2041 651 2122 adria
669 2036 766 2144 ιῖνιιξι
781 2038 847 2124 τάκ
868 2036 1069 2144 σφραγῖθας
1087 2041 1151 2127 aduc
1170 2044 1319 2126 ἔπινεν-ς

195 2160 300 2263 ρι’νας
336 2171 384 2269 τῷ
419 2166 564 2267 βιβλίῳ,
600 2162 693 2242 κατά
729 2161 796 2261 τὴν
827 2165 1085 2270 Ἀποκάλυφιν
1117 2165 1295 2250 Ἰωάννου.

197 2286 312 2368 Ποίας
338 2285 376 2364 δὲ
400 2291 617 2392 σφραγῖδας,
636 2285 658 2386 ἢ
685 2294 758 2368 τῶν
781 2295 979 2394 προφητῶν
998 2289 1064 2373 raia
1089 2292 1293 2396 ἀσαφείας
1408 2319 1422 2330 ·

195 2405 239 2494 ἀς
263 2411 302 2489 εὖ
328 2411 429 2508 μα’λα
452 2410 688 2510 ἐπιστάμενος
706 2416 864 2515 ἀκριβῶς
881 2417 940 2492 καὶ
964 2415 1162 2498 ὁἨσαῖας
1185 2416 1296 2518 ἔλεγε,

197 2542 258 2614 καὶ
286 2535 414 2614 donas
444 2546 471 2614 ci
499 2539 598 2637 λῖγοι
628 2535 710 2616 οὗτοι
738 2541 782 2622 ἀς
800 2545 849 2616 'aa‘
875 2540 973 2638 λέγει
999 2542 1053 2618 τοῦ
1076 2542 1217 2632 βιβλίου
1241 2543 1300 2620 τοῖς

148 2654 473 2764 μῖσφραγισρεῖιυ.
533 2659 613 2737 Οὐκ
636 2659 706 2760 ἀρα
730 2657 816 2738 ι’τοῦ
841 2663 1056 2740 ἀποκλεῖσαι
1083 2660 1212 2762 ὅρασιν
1237 2665 1295 2741 καὶ
1308 2696 1337 2734 ¹0

193 2782 386 2886 προφήτην
414 2781 589 2882 ἐλήλυθεν
616 2784 635 2859 ὁ
669 2784 830 2885 Χριστὸς
860 2793 924 2861 τοῦ
954 2789 1059 2880 Θεοῦ,
1084 2791 1230 2882 μᾶλλον
1257 2785 1296 2863 δὲ

192 2905 418 2986 ἀναπετάσαι
449 2909 509 2984 καὶ
545 2913 593 2989 εὶς
626 2914 704 3010 φῶς
738 2911 897 3010 ἀγαγεῖν.
950 2907 1067 2988 Ὅθεν
1105 2912 1203 2987 δοκεῖ
1234 2943 1296 3006 μοι

493 3053 547 3106 ⁸cl
560 3069 678 3124 aupraac.
695 3053 725 3107 P.
808 3047 885 3106 brea
899 3071 952 3108 om.
969 3053 996 3108 S.

192 3160 263 3217 tiata
276 3169 329 3227 est,
344 3161 374 3218 in
387 3169 554 3236 perpetuum
569 3180 746 3236 pcmanem,
762 3164 864 3220 merito
879 3171 985 3220 aeterna
1002 3163 1114 3238 justitia
1132 3172 1295 3238 nuncupata

192 3248 245 3306 est,
268 3241 505 3315 quemadmodum
529 3241 602 3299 dixit
626 3243 750 3309 Gabriel,
773 3243 815 3299 El
839 3251 871 3298 ut
893 3245 1047 3300 adducatur
1063 3242 1178 3314 justitia
1197 3247 1292 3316 ιεοιρὶ·

191 3327 290 3376 terna:
312 3339 364 3394 pra
378 3339 413 3377 so
427 3328 522 3378 autem
535 3321 611 3396 quod
625 3330 678 3387 est,
693 3329 721 3378 cl
735 3323 812 3394 quari
825 3321 904 3396 aigac
918 3321 1048 3394 iurpreaaa
1068 3322 1214 3378 claudatur
1226 3323 1293 3378 υῖιίο

189 3407 219 3454 cl
235 3401 380 3474 propiata,
396 3401 488 3474 magis
501 3401 645 3476 aliquanto
665 3401 778 3476 proprie
792 3400 861 3456 mihi
875 3399 986 3456 videtur
1000 3397 1107 3474 Aquila
1126 3399 1292 3464 reddidisse,

190 3485 218 3534 cl
240 3481 278 3536 cd
301 3481 537 3536 consummandum
563 3483 673 3536 υἰιὶοιιὶι
698 3497 796 3534 ιιιιιιιυε
816 3486 844 3534 et
868 3477 1051 3552 proplietam:
1079 3495 1138 3534 nou
1160 3478 1236 3534 enim
1260 3487 1293 3534 ut

190 3557 335 3616 clauderet
348 3567 378 3615 et
394 3559 474 3633 quasi
494 3559 599 3615 annulo
620 3559 747 3633 signaret
766 3556 947 3634 propheticas
960 3555 1084 3614 visiones
1105 3555 1238 3614 Salvator
1258 3573 1292 3612 ac

190 3637 334 3694 Dominus
347 3647 445 3696 noster
458 3639 582 3704 advenit,
598 3639 646 3712 qui
660 3638 745 3694 etiam
764 3637 837 3700 illas.
853 3654 915 3710 qaae
929 3645 1013 3694 autea
1027 3635 1154 3694 obscuras
1168 3643 1198 3692 et
1211 3635 1292 3710 quasi

190 3716 274 3790 signo
288 3716 427 3792 impresso
442 3718 544 3774 clausae
557 3725 648 3782 erant,
663 3726 693 3775 et
705 3716 816 3791 aperuit
829 3724 858 3773 et
871 3715 955 3773 latius
971 3713 1131 3788 explicavit.
1147 3732 1203 3789 quo
1216 3721 1289 3772 tem-

190 3813 259 3869 pore
272 3797 331 3854 suis
345 3797 490 3872 discipulis
503 3815 617 3854 sensum
632 3797 789 3854 divinam
799 3795 1001 3870 scripturarum
1014 3794 1153 3870 exposuit.
1174 3795 1221 3852 Er
1233 3811 1291 3868 quo
1333 3817 1399 3866 apos.
1407 3825 1426 3868 ς,
1434 3825 1453 3869 ς.

189 3893 258 3942 scca,
272 3876 373 3951 inquit,
387 3879 452 3934 ciria
466 3877 507 3934 lac
521 3879 554 3933 de
567 3876 639 3933 tribu
652 3877 750 3934 Judc:
773 3883 800 3932 et
820 3877 878 3950 ι’ριε
890 3877 1000 3950 aperuit
1015 3875 1107 3947 sigilla
1122 3874 1191 3930 libro
1204 3891 1289 3947 αργο-

188 3955 253 4020 auc,
268 3963 302 4012 ut
315 3956 389 4030 apud
399 3957 540 4014 loannem
553 3957 676 4031 legimus
689 3957 719 4013 iu
734 3954 914 4030 Apocalypsi.
944 3954 1086 4011 Caeterum
1100 3972 1163 4027 quae
1173 3953 1289 4012 taudem

190 4034 291 4108 sigilla,
306 4035 361 4091 uisi
382 4037 585 4114 prophetarum
607 4037 815 4094 obscuritates?
838 4053 907 4108 quaa
922 4051 1008 4108 quum
1022 4032 1105 4108 plane
1119 4033 1192 4094 beas
1206 4041 1289 4094 notas

189 4111 308 4171 haberet
322 4115 407 4172 etiam
423 4115 530 4181 Esaias,
546 4115 626 4180 dixit,
641 4116 682 4172 El
702 4122 782 4172 συντ
802 4113 884 4170 cerda
906 4113 963 4169 Ιιαε
976 4120 1104 4186 tauquam
1122 4112 1204 4169 cerda
1224 4112 1290 4170 libri
1330 4125 1404 4175 ama,
1415 4136 1444 4166 n.

187 4195 309 4268 algaac:
332 4213 391 4251 non
404 4213 475 4270 ergo
488 4203 521 4252 at
535 4194 678 4252 clauderet
692 4195 829 4251 visionem
843 4200 873 4248 et
887 4191 1055 4266 prophetam
1069 4191 1147 4248 veuit
1158 4191 1290 4250 Christus

189 4271 253 4340 Dei,
269 4273 320 4330 sed
336 4283 366 4330 at
380 4276 502 4348 aperiret
516 4275 609 4348 potius
626 4283 655 4331 et
670 4273 699 4330 ia
713 4273 804 4330 lucem
819 4271 967 4346 proferret.
1004 4271 1100 4340 Quare
1114 4271 1206 4346 magis
1221 4270 1290 4328 milii

230 4385 297 4426 vor..
314 4387 349 4428 ιι.
757 4387 778 4424 ι
791 4368 812 4423 k
