3108 4708
55 255 193 323 -502
457 246 685 314 DEMONST.
709 249 881 316 EVANG.
904 253 952 316 X.
970 253 998 317 8.
1244 257 1309 325 991

207 406 331 493 άλλως
349 409 505 493 θανάτου
522 414 697 518 τυγχάνει,
717 414 740 514 ἢ
765 416 939 520 πρότερον
958 420 1111 498 όδεῦσαν
1130 418 1351 522 talpam-10

166 549 312 620 ⁶⁷oeoro.
362 539 472 617 Ταῦτ’
493 540 556 619 οῦν
580 539 746 647 διέξεισιν
771 544 792 621 ό
818 541 946 647 Σωτὴρ
963 547 1021 623 καὶ
1050 544 1180 648 Κύριος
1198 547 1308 645 ἡμῶν,

206 661 248 739 οῦ
274 664 356 741 καθ’
377 661 398 742 ὃ
426 664 585 766 ἄσαρκος
611 670 671 745 καὶ
699 667 892 766 ἀσώματος
917 669 1066 774 ὑπάρχει
1093 670 1306 779 τὴνφύσιν,

206 784 286 866 οὐδὲ
304 791 386 868 καθ’
407 787 427 868 ό
447 795 542 870 Θεοῦ
561 789 681 893 Λόγος
699 799 758 872 καὶ
777 793 870 879 θεὸς
888 797 1082 895 ἐπινοεῖται,
1102 797 1202 878 ἀλλά
1223 801 1306 880 καθ’

491 920 530 996 ε’ν
555 925 602 1023 τῇ
629 917 721 1022 πρὸς
738 917 803 1000 τὸν
828 922 966 1023 πατέρα
993 925 1079 1028 εῦχῇ
1104 925 1233 1024 λέγειν,
1253 925 1421 1015 trip-502

206 1039 246 1120 τῦ
266 1039 327 1122 all
346 1042 534 1130 ἐκστάσεις
551 1080 597 1148 με
615 1047 655 1127 εἰι
668 1046 860 1150 γαστρὶε,ἡ
878 1049 980 1132 ἐλπίς
993 1084 1058 1154 μιν
1076 1046 1149 1128 tal
1165 1049 1307 1165 μαστῶν

206 911 326 999 ὃοῖός
347 949 387 995 τε
413 914 484 1016 ἦν1

203 1164 260 1257 τῆς
278 1169 398 1272 ματρός
416 1205 492 1274 μον.
541 1172 628 1249 Ἐπί
648 1205 687 1251 σε
713 1172 883 1278 ἑπερρίφην
905 1173 946 1252 ἐκ
971 1175 1112 1278 μίτρας,
1135 1176 1205 1253 dxl
1227 1210 1302 1276 γα·

161 1291 297 1398 ample
315 1297 434 1402 μητρός
452 1332 517 1398 μιν
543 1297 629 1381 Θαίς
646 1333 712 1402 μιν
738 1295 770 1377 εί
791 1296 844 1377 σά.
905 1297 1023 1382 Οὗτος
1051 1296 1095 1398 δὴ
1124 1300 1187 1378 οῦν
1213 1299 1304 1403 πρὸς

202 1426 254 1525 τῷ
289 1418 392 1501 πάθει
429 1421 587 1524 γεγονὼς
617 1427 754 1528 εὔχεται
789 1422 836 1503 τά
869 1426 1082 1526 προκείμενα
1117 1424 1207 1528 πρὸς
1239 1424 1326 1512 τόνε

200 1547 348 1649 πατέρα,
375 1553 434 1629 καὶ
460 1549 656 1647 τοσούτων,
685 1555 789 1657 φησὶ,
817 1549 1027 1647 μελλόντων
1054 1585 1099 1650 με
1125 1551 1299 1655 περιστή-

200 1679 333 1754 σεσθαι
351 1675 594 1774 ἀποκειμένων
612 1679 804 1780 ἐνεργειῶν,
815 1685 873 1757 καὶ
889 1675 1065 1778 δαιμόνων
1079 1676 1302 1781 ἀκαθάρτων,

200 1802 258 1878 καὶ
282 1809 528 1901 πνευματικῶν
551 1805 730 1906 πονηρίας,
750 1807 836 1882 Ιιῃκαὶ
861 1806 918 1884 ἐπὶ
946 1811 1040 1884 πᾶσι
1064 1813 1129 1884 τοῦ
1156 1803 1302 1885 πάντων

200 1929 381 2031 χειρίστου
398 1930 507 2010 αὐτοῦ
524 1929 568 2030 δὴ
587 1941 650 2011 τοῦ
669 1932 841 2036 ἄρχοντος
859 1940 922 2011 τοῦ
941 1938 1066 2016 αἰῶνος
1084 1931 1219 2030 τούτου,
1240 1931 1300 2016 οῦς

199 2057 262 2152 τῆς
286 2056 408 2138 κακίας
435 2056 548 2136 ἕνεκεν
575 2061 686 2158 θῆρας
710 2055 886 2160 πονηροῦς
904 2056 1085 2160 ὀνομάζειν
1109 2058 1220 2164 ἄξιον,
1238 2061 1299 2137 καὶ
1310 2093 1339 2128 ιο

198 2179 276 2279 ἤτοι
302 2182 452 2284 ταύρους
478 2182 674 2286 άγρίονς,ἢ
701 2181 872 2287 μόσχους,
897 2181 919 2283 ἢ
947 2183 1151 2286 λεόντας,ἢ
1180 2183 1327 2282 adranii

197 2307 345 2406 μέλλων
371 2343 410 2389 τε
436 2308 527 2412 πρὸς
553 2307 715 2394 ἅπαντας
742 2310 926 2407 ἵστασθαι,
946 2312 1006 2390 καὶ
1029 2309 1140 2410 μηδὲν
1162 2309 1299 2411 ἀγαθὸν

197 2441 245 2519 εὶς
270 2433 396 2519 αῦτοῦς
419 2437 581 2538 ἐνεργεῖν,
600 2442 651 2542 τῷ
668 2435 778 2536 μηδὲν
797 2435 1063 2540 παραδέχεσθαι
1080 2433 1207 2520 αῦτοῦς
1226 2442 1298 2517 τῶν

196 2564 290 2661 ε’μῶν
308 2564 454 2664 ἀγαθῶν
473 2560 516 2640 δι’
539 2561 652 2664 άκραν
669 2563 793 2647 κακίας
810 2563 832 2641 ἕ
852 2598 895 2658 ιν,
915 2560 1016 2642 ἀλλὰ
1032 2561 1083 2662 μὴ
1102 2561 1139 2642 δὲ
1161 2569 1320 2662 βαηθοῦε

196 2683 246 2784 μὴ
271 2685 308 2764 δὲ
333 2695 510 2788 συνεργοῦ
534 2684 721 2790 τυγχάνων
746 2683 839 2768 τινὸς
860 2689 934 2765 τῶν
960 2683 1223 2789 προειρημένων
1248 2691 1297 2768 είς

493 2870 663 2942 ιοεῇαο.
681 2874 714 2928 τ.
802 2871 949 2928 mnarum.
967 2873 995 2927 s,

196 3011 237 3068 ita
254 3011 417 3068 acciderunt
437 3030 499 3086 quae
521 3011 558 3067 ad
580 3009 740 3085 passionem
761 3015 900 3084 spectant,
916 3010 1155 3084 quemadmodum
1174 3028 1237 3086 quae
1258 3009 1294 3068 nd

195 3099 289 3148 ortum
311 3091 341 3148 in
368 3109 487 3166 corpore
510 3089 734 3147 conveniebant:
767 3110 834 3147 nam
859 3091 934 3165 quod
956 3099 1051 3150 ortum
1076 3101 1129 3161 eet,
1151 3092 1180 3148 id
1207 3091 1293 3150 etiarn

195 3172 317 3230 occidit:
334 3172 410 3247 quod
420 3191 488 3229 vero
499 3171 611 3237 occidit,
624 3190 681 3227 non
696 3171 764 3228 aliae
778 3179 898 3228 mortem
914 3172 1064 3248 contingit,
1079 3192 1163 3247 quam
1178 3173 1202 3230 si
1215 3173 1293 3248 prius

194 3273 246 3328 per
257 3261 351 3310 ortum
365 3253 525 3329 ingressum
540 3252 585 3309 ait.
627 3251 699 3308 Haec
717 3251 805 3326 igitur
818 3252 936 3324 exponit
950 3252 1082 3309 Salvator
1102 3271 1135 3309 ac
1149 3252 1293 3310 Domiuua

193 3341 301 3398 noster,
316 3353 374 3390 non
389 3343 527 3407 quatenus
541 3341 570 3389 et
583 3332 676 3389 carnis
697 3340 725 3389 et
740 3330 866 3405 eorporis
885 3350 986 3405 expers
1001 3339 1061 3388 erat
1076 3341 1185 3398 natura,
1201 3351 1292 3407 neque

194 3423 332 3488 quatenus
346 3413 400 3470 Dei
413 3413 538 3470 Verbum
552 3413 685 3486 Deueque
699 3412 758 3487 ipse
773 3409 947 3486 intelligitur,
960 3410 1009 3468 sed
1021 3419 1159 3486 quatenus
1173 3412 1292 3469 idoneus

194 3504 254 3551 erat
268 3494 297 3550 iu
310 3494 439 3551 oratione
452 3494 488 3550 ad
509 3502 618 3568 patrem
634 3493 737 3554 dicere.
754 3492 889 3557 Quoniam
903 3500 934 3548 tu
948 3511 975 3548 er
988 3495 1035 3566 qui
1047 3494 1192 3550 extraxisti
1204 3511 1246 3548 me
1258 3494 1292 3548 de

193 3583 292 3640 ventre,
307 3593 368 3649 ιροτ
380 3593 441 3630 areo
455 3573 488 3630 ab
502 3573 627 3631 uberibus
641 3575 735 3630 matris
749 3591 821 3629 meur.
852 3573 885 3628 ln
900 3581 927 3628 le
936 3571 1073 3646 projeetus
1083 3591 1142 3630 aum
1156 3591 1188 3628 eu
1201 3580 1287 3630 utero.

194 3655 238 3710 Εα
251 3662 345 3710 ventre
361 3657 456 3711 matria
470 3673 533 3711 mere
548 3653 627 3711 Deua
639 3673 712 3710 meur
725 3671 755 3710 ee
768 3662 808 3709 lu.
854 3651 911 3709 Hic
926 3651 1012 3727 igitur
1025 3653 1093 3709 dum
1107 3653 1135 3709 in
1151 3651 1212 3726 ipaa
1225 3671 1289 3728 paa-

193 3734 272 3791 sione
286 3742 339 3800 eet,
355 3734 471 3809 supplex
485 3734 522 3792 ad
535 3742 645 3809 petrem
659 3752 741 3790 suum
755 3751 788 3789 ea
808 3732 885 3797 dicit,
901 3752 962 3808 quae
980 3735 1041 3808 jam
1063 3733 1192 3807 exposita
1212 3741 1289 3790 aunt.

191 3813 230 3870 Et
244 3833 331 3889 quum
344 3823 404 3872 tam
415 3815 521 3880 multa,
533 3814 633 3889 inquit,
643 3831 689 3870 me
700 3813 933 3870 circumventurae
947 3813 1004 3870 sint
1018 3814 1105 3888 copiae
1120 3831 1156 3870 ex
1171 3813 1290 3870 adverso

191 3895 327 3961 efficaces,
343 3895 488 3970 etimpuri
501 3895 654 3960 daemones,
664 3903 694 3950 et
707 3893 861 3967 spiritualia
875 3893 1014 3968 nequitiae,
1030 3903 1060 3951 et
1070 3894 1190 3968 denique
1204 3893 1227 3950 is
1242 3895 1290 3967 qui

191 3976 318 4032 omnium
345 3976 485 4051 pessimus
512 3984 565 4039 eat,
590 3975 650 4049 ipae
674 3974 789 4049 iuquam
813 3974 943 4049 princeps
967 3974 1063 4031 aoeculi
1085 3974 1178 4048 hujus,
1204 3981 1289 4050 (quoe

190 4068 306 4131 propter
332 4055 466 4114 malitiam
487 4056 562 4113 lerna
584 4055 723 4130 malignas
746 4054 891 4112 nominare
920 4073 970 4130 pur
994 4062 1047 4120 eat,
1070 4063 1100 4112 et
1122 4054 1167 4112 rel
1192 4063 1289 4112 tauros

190 4147 326 4210 agrestes,
352 4137 398 4194 vel
418 4136 530 4202 vitulos,
551 4135 596 4193 vel
619 4136 726 4202 leones,
746 4134 792 4191 vel
814 4137 922 4210 cauea.)
945 4143 1042 4192 etune
1066 4143 1166 4192 contra
1189 4154 1288 4193 omnen

190 4225 266 4273 staro
280 4225 420 4292 oporteat,
436 4235 526 4292 neque
540 4217 692 4292 quidquam
705 4215 773 4272 boni
788 4213 816 4271 in
831 4233 880 4272 eos
894 4214 947 4270 aim
962 4215 1124 4285 collaturus,
1140 4225 1289 4290 propterea

190 4297 266 4374 quod
288 4298 341 4372 ipsi
368 4307 484 4373 propter
508 4316 669 4372 supremum
699 4295 813 4353 melitite
840 4293 967 4352 habitum
993 4314 1121 4352 meorum
1148 4295 1288 4351 bonorum
