3144 4720
246 225 311 290 826
721 225 907 291 EUSEBII
1323 240 1354 302 ρ.
1367 235 1491 297 4ι4-
1550 202 1551 274 i

355 380 366 408 Ι
440 387 451 412 Ι
514 384 525 413 ἱ
577 385 588 410 ἱ
643 388 687 413 tx
754 386 765 411 Ι
931 383 943 408 λ
998 385 1007 410 D
1151 381 1161 408 Ι
1333 382 1346 410 λ

246 415 408 485 πατρασι
429 397 530 464 αλλα
552 419 616 464 τον
633 419 690 466 επι
711 419 857 466 παντων
875 391 972 465 Θεον
988 392 1270 482 επικαλουμενοι,
1287 413 1348 458 και

247 519 359 622 μόνον
385 520 494 604 αι’πὸν
521 527 581 605 καὶ
608 522 673 604 τόν
698 526 809 604 αὐτοῦ
833 522 953 632 φόβον
975 526 1013 604 ἐν
1035 530 1113 607 ταῖς
1131 525 1247 602 αίπῶν
1265 523 1371 602 δια-ε

249 650 359 733 νοίαις
395 647 659 756 κατειληφότες,
695 649 879 755 είχόμενοί
911 683 951 729 τε
988 650 1084 756 αὐτῷ
1120 646 1227 751 εὐχὰς
1261 646 1345 726 ἀλλ’

250 775 365 855 οὐκέτι
400 783 473 860 τοῖς
510 777 666 876 δαίμοσι,
695 780 754 857 καὶ
789 774 1016 860 ἀποδιδόντες
1047 773 1112 858 τὰς
1143 778 1348 875 θεοπρεπεῖς

249 902 476 1004 ἐπαγγελίας,
495 910 573 988 πῶς
599 906 667 1009 οὐχ
689 905 808 984 ἕπεται
834 910 1095 1005 συνομολογεῖν
1121 897 1250 982 καὶτὰ
1275 897 1348 1002 πρὸ

250 1033 322 1106 τῶν
336 1025 641 1126 ἀποτελεσμάτων
650 1015 701 1112 ἐίς
719 1030 825 1134 ἔργον
843 1029 911 1130 ἤδη
928 1028 1162 1134 κεχωρηκέναι
1177 1057 1188 1123 ;
1214 1021 1292 1105 Ἦν
1310 1023 1392 1104 dito

235 1161 373 1256 ταῦτα,
390 1161 454 1234 τοῦ
481 1156 617 1256 Κυρίου
636 1157 818 1260 παρουσία
842 1161 890 1240 εἰς
909 1156 1093 1257 Αἴγυπτον
1111 1156 1176 1235 οὐκ
1193 1153 1347 1252 ἀσώμα-

250 1313 312 1364 τος
348 1282 614 1384 όποβησομίνη,
647 1281 748 1363 ἀλλὰ
786 1277 845 1364 id
882 1281 1021 1389 ιεφὲλης
1057 1279 1193 1390 κοόφττ,
1232 1277 1255 1380 ῆ
1292 1283 1351 1360 καὶ

141 1427 144 1436 ’
249 1414 394 1506 μᾶλλον
421 1403 479 1489 tat
507 1409 643 1507 τοίχους
671 1411 832 1516 ἐλαφροῦ·
864 1411 976 1494 οὕτως
1000 1407 1073 1511 γὰρ
1095 1407 1138 1488 τὸ
1156 1405 1352 1511 Ἑβραὶιεόν

251 1534 412 1639 περιέχει,
436 1535 503 1635 τὴν
529 1536 705 1638 ἕνσαρκον
732 1539 840 1617 αὐτοῦ
867 1539 1070 1638 παρουσίαν
1096 1533 1349 1634 αἰνιττόμενον.

229 1666 392 1741 ιΤοῦτον
409 1659 475 1762 hdr)
500 1664 563 1742 οὖν
590 1662 698 1742 αὐτὸν
722 1663 858 1765 προϊὼν
879 1663 962 1768 ἑξῆς
984 1663 1005 1741 ὁ
1027 1660 1137 1763 λόγος
1163 1661 1353 1764 ἄνθρωπον

254 1789 405 1888 Σωτῆρα
429 1786 641 1886 ἀπεκόλεσε,
660 1786 795 1894 φῆσας,
816 1793 874 1869 καὶ
896 1792 1085 1869 ι’ντιστελεῖ
1106 1791 1218 1872 αὐτοῖς
1238 1783 1393 1893 Κόριςρ.
1403 1819 1443 1882 41
1448 1820 1469 1885 5

252 1907 424 2015 ι’ίιθρυπιι,
451 1913 487 1999 if
515 1911 615 1992 σιόσει
644 1919 775 1999 αὐτούς.
837 1911 1074 2014 Πάλιυγοῦν
1101 1914 1282 1991 κάνταῦθα
1307 1907 1351 1989 τό

251 2035 445 2140 Ἑβραῖκόν
464 2045 523 2118 καὶ
549 2043 740 2120 ἀποστελεῖ
761 2041 872 2124 αὐτοῖς
894 2037 1006 2142 Κόριις
1025 2037 1172 2142 Σωτῆρα,
1192 2039 1229 2122 ir
1251 2036 1353 2117 σόα-ει

254 2160 372 2248 αὐτοῦς
403 2163 488 2268 ἔχει.
539 2161 614 2243 Ὧν
641 2166 753 2249 οὕτως
784 2166 915 2267 ἐναργῆ
947 2161 1014 2262 τὴν
1046 2161 1228 2268 ἀπόδειξιν
1253 2195 1374 2264 παρ-ι

253 2287 439 2392 εχομενων,
459 2289 613 2390 ῆγοῡμαι
634 2291 691 2368 καὶ
714 2288 798 2372 τοὺς
824 2288 974 2392 χρόνους
1001 2295 1132 2394 σαφεῖς
1160 2286 1351 2390 γεγονέναι,

254 2414 336 2492 καθ’
358 2411 417 2496 οὓς
439 2411 485 2492 τὰ
510 2419 576 2513 τῆς
598 2419 646 2498 είς
669 2412 877 2518 ἀνθρώπους
903 2422 968 2494 τοῦ
991 2415 1127 2516 Κυρίου
1152 2413 1353 2516 παρουσίας

254 2536 466 2639 ἐθεσπίζετο.

231 2687 247 2738 ⁶
311 2665 484 2743 Τοσαῦτα
507 2661 565 2744 διὰ
592 2663 757 2768 βραχέων
782 2667 840 2744 καὶ
862 2663 909 2744 τὰ
932 2667 1014 2765 περὶ
1034 2672 1107 2744 τῶν
1129 2662 1269 2768 χρόνων
1289 2665 1355 2761 τῆς

255 2797 320 2868 τοῦ
337 2789 471 2891 Κυρίου
489 2796 538 2873 εἰς
555 2790 764 2894 ἀνθρώπους
780 2792 985 2896 ἐπιφανείας
999 2795 1184 2890 συνῆκται·
1204 2791 1356 2870 πλείονα
1365 2827 1399 2862 ιο

724 2948 795 3024 ιιι]
812 2951 843 3021 ιι
858 2953 888 3007 1³.

257 3071 389 3128 timorem
409 3070 438 3126 in
460 3069 518 3126 suis
539 3072 682 3129 mentibus
700 3079 868 3147 conceptum
889 3079 1164 3146 tenerevuvereque
1181 3069 1274 3128 eidem
1287 3075 1356 3127 vota

257 3169 315 3206 non
329 3157 424 3207 sutem
438 3150 614 3208 dromonibus
628 3161 660 3209 ut
674 3152 761 3229 prius,
772 3161 802 3209 et
815 3169 877 3227 quse
891 3152 944 3227 ipsi
956 3153 1017 3208 Deo
1031 3152 1202 3210 eonvenisut
1215 3151 1356 3226 promis-0·

257 3230 385 3295 reddere,
399 3249 450 3288 our
469 3249 528 3287 non
548 3231 684 3305 sequitur,
699 3241 730 3289 ut
743 3232 883 3290 fateamur
899 3232 984 3289 etium
998 3249 1041 3296 eu,
1055 3251 1118 3306 quse
1138 3231 1215 3306 ipsos
1236 3238 1356 3288 eventus

257 3319 470 3368 antecesserunt
478 3311 507 3367 in
518 3330 589 3386 opus
600 3311 660 3386 jum
675 3313 854 3388 processisse,
864 3330 917 3370 nec
927 3312 1023 3369 futuru
1032 3311 1153 3386 emplius
1166 3312 1196 3368 in
1209 3323 1357 3386 postemm

259 3393 309 3450 sed
329 3392 359 3449 in
378 3393 552 3466 preteritum
577 3393 700 3450 abiisse?
723 3393 812 3450 Porro
832 3392 894 3466 ipse
915 3392 977 3450 haeu
996 3400 1063 3448 suut
1075 3392 1165 3466 ipsius
1182 3391 1298 3456 Domini
1319 3391 1357 3448 sd

258 3473 414 3548 AEgyptios
435 3471 502 3530 olim
523 3473 634 3530 futurus
654 3491 712 3530 non
734 3473 796 3531 sine
815 3491 934 3548 corpore
953 3472 1102 3538 adventus,
1121 3472 1172 3530 sed
1188 3490 1241 3546 ρετ
1258 3471 1356 3529 nubem

261 3554 352 3619 leuem,
381 3571 414 3610 ae
440 3553 535 3628 potius
557 3571 610 3628 per
637 3554 837 3611 crumitudiuem
865 3555 975 3627 agilem.
1018 3551 1067 3610 Sic
1093 3552 1169 3609 enim
1197 3551 1357 3609 Hebreious

260 3634 346 3691 habet
359 3643 519 3700 contextus,
534 3633 603 3690 dum
615 3633 689 3690 illius
704 3651 870 3707 corporeum
891 3633 1044 3690 adventum
1065 3633 1185 3689 obscure
1203 3631 1356 3706 signifiat.

261 3714 383 3771 Proinde
395 3713 471 3772 huuc
488 3714 580 3788 ipsum
596 3731 749 3788 progressu
768 3711 883 3787 longius
904 3713 995 3771 oratio
1014 3712 1157 3770 hominem
1180 3711 1359 3770 salvatorem

261 3794 383 3861 vocavit.
396 3795 440 3852 his
454 3794 557 3860 verbis,
572 3794 612 3850 Et
632 3796 720 3849 mittet
740 3795 780 3849 eis
795 3793 926 3850 Dominus
941 3794 1083 3859 bominem,
1098 3792 1146 3868 qui
1164 3793 1283 3850 minabit
1303 3809 1357 3848 eos.

167 3923 170 3930 .
261 3875 338 3932 Nem
360 3875 407 3933 hio
427 3894 524 3932 rursm
545 3875 574 3934 io
595 3873 735 3931 Hebraico
756 3873 796 3930 sie
817 3882 869 3938 est,
885 3875 923 3930 Et
943 3877 1032 3930 mittet
1052 3875 1089 3930 eiu
1102 3872 1238 3928 Dominus
1257 3871 1358 3928 Saluu-

264 3963 357 4019 torem,
372 3958 419 4030 qui
431 3956 548 4012 salvabit
562 3973 616 4012 εοι.
641 3953 713 4023 Qus
728 3971 814 4028 quum
828 3953 899 4011 edeo
913 3954 1073 4012 evidentem
1087 3953 1358 4009 demonstrationem

263 4035 424 4099 exhibeant,
444 4036 565 4092 arbitror
588 4035 674 4092 etism
698 4034 868 4100 constitisse,
887 4034 989 4109 quibus
1007 4032 1182 4107 temporibus
1206 4049 1241 4088 ee
1263 4032 1362 4088 futuru

263 4123 440 4178 canerentur,
455 4134 516 4189 quae
531 4115 568 4171 ud
581 4115 696 4172 Domini
711 4115 862 4172 adventum
877 4115 914 4172 ad
926 4113 1057 4171 homines
1069 4111 1258 4188 pertinebunt

305 4193 376 4248 Hoeo
399 4211 467 4249 sune
492 4193 589 4268 paucis
612 4213 631 4251 α
653 4194 736 4251 nobis
760 4195 879 4252 oolieotu
906 4205 973 4250 sunt
994 4193 1029 4251 de
1053 4192 1228 4268 temporibus
1256 4189 1361 4265 quibus

264 4271 403 4328 Dominus
416 4271 469 4327 tuit
482 4271 519 4327 ad
533 4271 662 4329 homines
676 4282 819 4330 venturus.
848 4275 931 4331 Pium
945 4281 1039 4332 eutem
1053 4292 1104 4348 per
1118 4273 1207 4330 otium
1221 4270 1363 4346 qiuspium
