3130 4722
55 282 104 296 ·-
113 249 201 334 376.
437 253 665 319 DEMONS'I.
690 256 859 322 EVANG.
885 258 985 323 VIII.
1004 280 1029 321 r.
1249 263 1313 330 749

213 417 429 520 κατάλληλα
454 421 498 500 ἂν
516 419 554 526 ὶᾗ
583 427 641 502 καὶ
670 424 717 502 τὰ
743 427 780 504 ἐν
808 425 922 532 ταύτην
947 424 1134 528 λεγόμενα,
1157 427 1231 508 οἷον
1259 427 1311 526 τὸ,
1323 476 1352 511 ιο

212 544 317 630 Αὐτός
335 545 586 629 ε’πικαλέσεταί
600 586 657 654 με,
675 556 784 658 πατήρ
802 590 866 656 μου
885 551 916 631 εἷ
930 551 983 644 rii,
1001 552 1102 656 κιὶγῶ
1121 559 1337 654 προτότοκονο

211 669 355 776 θύσομαι
375 673 482 766 αὐτόν,
497 669 630 783 νλφηλλν
648 677 748 784 παρα
764 683 832 763 τοῖς
851 681 1036 771 βασιλεῦσι
1054 680 1112 773 τῆς
1130 680 1206 783 γῆς.
1255 691 1312 766 Εἰς

169 797 263 884 stibi
288 799 394 880 αἰῶνα
419 803 568 909 φυλάξον
590 802 681 908 αὐτῷ
705 806 741 885 rb
773 805 864 890 ἐλεός
888 842 964 910 μου.
1026 809 1098 884 Καὶ
1124 804 1247 903 πόλιν,
1267 806 1312 888 Ti

210 923 350 1031 σπέρμα
378 930 479 1007 αὐτού
503 937 547 1014 εἷς
567 933 617 1011 τὶν
644 929 749 1012 αἰῶνα
773 937 874 1038 μενεῖ,
896 941 954 1013 καὶ
980 942 995 1014 ὁ
1021 932 1120 1040 θρόνος
1144 939 1245 1014 αὐτοῦ
1266 940 1310 1020 ῶς

211 1053 337 1144 ὁῆλιος
356 1054 489 1134 ἐναντίον
513 1092 590 1160 μου,
613 1065 672 1136 καὶ
696 1061 739 1142 ῶς
762 1062 779 1151 ἡ
802 1061 918 1152 σελῆνη
938 1057 1176 1163 κατηρτισμένοι
1194 1068 1241 1144 εἰς
1260 1060 1331 1146 rbus

210 1177 328 1257 αἰῶνα.
387 1183 515 1264 Οὕτως
543 1182 605 1261 οὖν
625 1181 715 1281 μετὰ
738 1183 872 1285 μυρίων
900 1184 1026 1263 ἄλλων
1055 1193 1117 1263 τοῦ
1144 1190 1309 1286 Χριστοῦ

210 1313 474 1409 προσηγοριῶν,
502 1310 544 1386 δι’
565 1306 616 1386 ῶν
642 1308 750 1388 αὐτὸν
778 1315 810 1388 οἱ
838 1315 924 1390 θεῖοι
952 1310 1056 1410 λόγον
1081 1313 1307 1409 σημαίνουσι,

211 1434 269 1510 καὶ
297 1432 435 1517 Ἰούδας
464 1436 592 1532 ὁμοίως
624 1434 682 1514 διὰ
719 1441 791 1517 τῶν
826 1436 1065 1539 προκειμύνων
1100 1439 1309 1538 οἱνειρῆσθαι

170 1595 202 1646 ⁵7
212 1557 366 1656 δύναται,
381 1559 435 1639 ὅτι
453 1564 511 1640 καὶ
529 1563 568 1641 ἐκ
587 1567 649 1659 τῆς
662 1562 780 1642 Ἰούδα
797 1563 923 1663 γέγονε
942 1567 1073 1668 φυλῆς.
1115 1561 1307 1664 Πρόδηλον
1319 1603 1348 1638 ιο

211 1683 283 1786 γὰρ
310 1685 403 1764 κατὰ
426 1686 490 1766 τὸν
514 1685 724 1767 ἀπόστολον
753 1688 808 1768 ὅτι
834 1690 873 1769 ἐκ
901 1691 1020 1793 φυλῆς
1038 1687 1156 1767 Ἰούδα
1183 1691 1307 1769 ἀνατέ-

210 1823 344 1890 ταλνιεν
361 1814 381 1891 ὁ
401 1811 528 1915 Σωτὴρ
547 1816 606 1893 καὶ
625 1812 757 1915 Κύριος
774 1816 886 1914 ἡμῶν.
927 1813 1054 1921 Τούτῳ
1071 1813 1116 1912 δὴ
1135 1815 1197 1894 οὖν
1215 1814 1336 1900 κατᾶἀ

210 1937 366 2018 διάνοιαν
393 1945 444 2046 τῷ
469 1939 587 2046 Ἰούδᾳ
613 1941 824 2038 ἀποκείμενα
852 1938 896 2039 ἦν
924 1939 970 2018 τὰ
996 1941 1303 2048 προφητευόμενα.

168 2095 200 2156 58
210 2065 303 2144 Τίνα
325 2063 364 2144 δέ
386 2062 431 2162 ἦν
457 2073 595 2162 ταύτας
637 2070 789 2167 Πρῶτον
816 2064 891 2164 μὲν,
916 2064 958 2144 τὸ
986 2068 1209 2165 ἐπαινεθῆναι
1237 2067 1306 2148 ὑπὸ

207 2197 279 2272 τῶν
297 2193 468 2297 ἀδελφῶν
492 2193 611 2271 αὐτοῦ·
643 2189 816 2293 δεύτερον,
836 2191 928 2272 κατὰ
946 2191 1059 2272 νῶτον
1076 2201 1149 2272 τῶν
1168 2198 1327 2299 ἐχθρῶνε

207 2320 315 2398 αὐτοῦ
333 2316 397 2403 τὰς
416 2327 534 2424 χεῖρας
552 2320 747 2413 ἐπιβαλεῖν·
779 2320 909 2420 τρίτον,
927 2326 1219 2421 προσκυνηθῆναι
1237 2322 1305 2402 ὑπὸ

207 2453 280 2524 τῶν
308 2452 391 2527 υἱῶν
418 2455 482 2526 τοῦ
509 2445 644 2549 πατρὸς
671 2449 789 2542 αὑτοῦ·
829 2443 939 2526 dreni
964 2446 1089 2529 τέλους
1114 2447 1306 2553 ἐτύγχανεν

207 2573 359 2670 ὁπηνίκα
397 2575 482 2656 τέως
513 2573 579 2669 μέν
613 2571 676 2656 τῶς
708 2573 934 2679 παραδόξους
971 2572 1134 2671 δυνάμεις
1167 2579 1224 2654 καὶ
1260 2575 1306 2654 τὰ

205 2697 379 2800 τεράστια
412 2701 576 2796 θαύματα
608 2700 782 2778 ἐπιτελῶν
812 2697 1024 2801 ἐθαυμάζετο
1055 2701 1114 2777 καὶ
1146 2702 1306 2804 ἐπῃνεῖτο

683 2871 757 2951 Ιεἰή]
775 2873 792 2946 ᾗ
807 2879 837 2932 Ρ.

207 3031 340 3088 Christus
354 3033 383 3088 in
398 3032 510 3089 Psalmo
522 3050 670 3098 nxxxrrn.
684 3031 911 3106 quandoquidem
926 3049 1062 3105 nusquam
1078 3030 1132 3105 ipsi
1142 3031 1243 3096 David,
1256 3030 1307 3088 sed

207 3111 256 3168 uni
281 3111 319 3168 illi
342 3131 404 3186 quae
426 3113 455 3168 in
476 3112 532 3169 boe
554 3113 622 3170 item
642 3113 775 3169 dicuntur
796 3111 947 3169 convenire
967 3119 1096 3186 possunt,
1119 3111 1206 3169 veluti
1227 3111 1305 3176 illud,

210 3192 269 3264 Ιρνε
289 3194 426 3250 invocabit
446 3211 498 3260 me,
514 3201 596 3267 pater
608 3212 681 3250 ινιοντ
695 3213 722 3249 ει
736 3201 776 3258 tu,
791 3201 818 3249 et
832 3210 881 3267 ερο
894 3195 1101 3269 ρτὶυοορενιίιυινν
1116 3212 1218 3267 ponam
1234 3212 1305 3258 enm,
1349 3202 1453 3252 Pt⁸8n⁶

207 3274 338 3329 acetrum
361 3291 422 3348 ρτα
446 3274 554 3347 repibue
575 3279 662 3340 ἐοντα,
688 3276 714 3330 in
738 3281 865 3330 oetnnnm
892 3273 1003 3330 servabo
1025 3273 1069 3329 illi
1096 3272 1307 3330 misericordiam

207 3370 303 3409 meum.
345 3353 383 3410 Et
397 3371 503 3418 rursus.
519 3353 614 3410 Semen
628 3354 687 3426 ejus
701 3355 729 3410 in
743 3361 875 3410 σιοτπυνν
889 3359 989 3416 manet,
1005 3361 1031 3408 et
1051 3355 1126 3408 seder
1145 3351 1202 3424 ejus
1222 3361 1252 3410 nt
1266 3355 1308 3410 rol

208 3434 236 3488 in
261 3441 403 3506 evnrpectu
423 3451 492 3497 meo,
512 3441 589 3490 etat
610 3437 676 3490 luna
696 3434 819 3509 perfecta
843 3433 871 3488 ia
891 3441 1028 3489 αιετνννννν.
1071 3431 1120 3488 Sic
1144 3433 1232 3506 igitur
1250 3451 1307 3489 nna

207 3530 272 3568 cum
287 3513 348 3569 aliis
362 3512 612 3571 innumerabilibus
627 3513 734 3570 Christi
748 3511 991 3588 appellationibus,
1004 3511 1105 3586 quibus
1119 3511 1196 3568 illum
1211 3511 1307 3568 divina

208 3593 321 3649 oracula
335 3594 506 3668 significant,
521 3594 619 3651 eadem
634 3595 742 3652 ratione
757 3604 788 3651 ut
801 3593 891 3650 Judus
906 3610 1017 3667 qnoque
1038 3591 1067 3647 in
1086 3591 1120 3647 iis
1137 3611 1198 3666 qna·
1219 3592 1305 3648 modo

207 3673 419 3746 exponebamua
443 3674 479 3730 sit
502 3675 657 3749 appellatus
681 3675 742 3731 fieri
766 3681 869 3749 potest,
891 3691 977 3747 quum
1001 3672 1036 3729 de
1059 3671 1135 3728 tribu
1157 3671 1240 3728 Judae
1268 3673 1306 3728 sit

207 3765 300 3810 natue.
343 3755 463 3810 Constat
477 3755 553 3811 enim
572 3773 606 3810 ex
626 3754 756 3828 apostolo
771 3753 947 3810 Salvatorem
962 3772 995 3809 ac
1009 3751 1161 3809 Dominum
1176 3761 1305 3809 nostrum

208 3833 243 3890 de
261 3832 337 3890 tribu
356 3834 439 3890 Judn
461 3843 554 3892 ortum
576 3853 648 3892 esse.
690 3835 765 3891 IIuic
779 3834 866 3908 Igitur
878 3833 969 3899 tuda,
985 3833 1009 3890 ai
1022 3831 1175 3890 secundum
1190 3841 1304 3890 senten·

207 3913 276 3969 tiam
291 3913 517 3988 interpretemur,
532 3915 656 3989 reposita
670 3924 750 3972 erant
764 3914 820 3981 illa,
832 3933 894 3989 quae
909 3915 938 3971 in
951 3914 1101 3989 prophetia
1113 3913 1304 3971 continentur.

208 3992 267 4050 Sed
285 4013 413 4067 quaenam
434 3995 495 4050 haec
516 3995 651 4052 suerunt?
673 3995 797 4052 Primum
818 3995 940 4068 quidem,
960 3995 1035 4069 quod
1056 4014 1074 4051 a
1094 3994 1227 4052 fratribus
1249 3994 1305 4051 suia

1484 3089 1548 3115 «Α

207 4080 282 4130 esset
303 4074 476 4130 laudandus:
500 4075 602 4134 deinde
616 4075 693 4150 quod
706 4093 807 4131 manue
821 4074 850 4129 in
865 4082 978 4149 tergum
995 4075 1171 4133 inimicorum
1190 4094 1304 4132 suorum

207 4162 283 4211 eeeet
297 4155 469 4228 injecturne:
492 4162 637 4232 postremo
652 4155 727 4229 quod
748 4153 909 4211 adorandus
929 4173 946 4210 a
967 4155 1031 4211 filiis
1051 4157 1139 4229 patris
1161 4157 1219 4212 snI:
1243 4175 1304 4229 quae

207 4234 292 4290 etiam
318 4253 401 4290 auum
425 4236 510 4291 tinem
534 4245 685 4292 consecuta
707 4242 782 4298 aunt,
801 4251 857 4307 quo
876 4241 1014 4307 tempore,
1036 4236 1103 4293 dum
1126 4234 1304 4292 admirabiles

207 4315 326 4370 virtutes
349 4323 377 4370 et
399 4315 561 4390 prodigiosa
588 4315 721 4372 miracula
746 4315 851 4377 ederet.
869 4313 1048 4371 admirationi
1068 4323 1137 4376 erat,
1157 4324 1185 4370 et
1205 4313 1303 4370 lauda-
