3144 4720
71 253 207 318 —4r9.
462 243 688 308 DEMONST.
714 243 884 306 EVANG.
909 245 976 306 IX.
999 265 1023 305 ι.
1175 303 1180 316 ,
1254 243 1318 303 833

219 401 264 502 ἦν
282 407 302 484 ὁ
321 407 483 508 Χριστὸς
504 416 568 487 τοῦ
594 414 699 503 Θεοῦ,
717 407 825 508 μέγας
850 411 906 487 καὶ
937 408 1011 490 νέος
1036 405 1165 508 ἀστὴρ,
1184 407 1226 484 οῦ
1253 405 1341 504 rrius

220 529 334 610 είκόνα
353 540 586 629 συμβολικῶς
604 535 625 612 ό
643 536 766 639 φανεὶς
783 533 864 612 τότε
881 541 954 617 τοῖς
972 531 1099 634 μάγοις
1118 531 1317 637 ἐπεφέρετο.

180 654 365 755 ηἘιιτειδὴ
384 656 457 760 γὰρ
474 661 555 738 καθ’
576 657 665 758 ὅλης
683 663 746 757 τῆς
771 665 862 761 ἱερᾶς
888 661 945 739 καὶ
971 657 1211 740 θεοπνεύστου
1230 691 1319 760 γρα-

219 789 291 889 φῆς
317 785 338 863 ό
362 784 630 887 προηγούμενος
654 789 718 884 τῆς
743 787 897 869 διανοίας
916 782 1053 868 σκοπὸς
1071 785 1319 888 μυστικώτερα

218 912 276 988 καὶ
294 915 371 988 θεῖα
391 910 560 1005 βούλεται
586 911 763 992 παιδεύειν
780 908 870 1010 μετὰ
887 917 951 989 τοῦ
969 912 1028 989 καὶ
1045 909 1110 1007 τὴν
1128 907 1318 1012 πρόχειρον
1330 937 1359 973 ¹⁰

219 1033 375 1115 διάνοιαν
399 1035 579 1137 σώζεσθαι
606 1040 643 1116 ἐν
666 1038 763 1138 μέρει
781 1042 876 1116 Ι’τῶν
900 1039 1086 1137 ίστορικιῦς
1105 1033 1313 1136 πεπραγμέ-

219 1195 300 1258 νων,
325 1160 465 1244 είκότως
493 1164 550 1241 καὶ
581 1163 602 1260 ἡ
630 1159 720 1260 μετὰ
746 1167 866 1264 χεῖρας
893 1159 1092 1262 πρόρρησις
1119 1161 1320 1260 ἐπληροῦτο

219 1285 310 1388 πρὸς
334 1285 435 1387 λέξιν
458 1289 516 1366 ἐπὶ
540 1292 585 1390 τῇ
610 1295 675 1365 τοῦ
701 1283 1066 1387 προαναφωνηθέντος
1089 1283 1241 1387 ἀστέρος
1263 1288 1321 1365 ἐπὶ

182 1413 265 1513 mii
283 1411 420 1510 γενέσει
437 1419 500 1490 τοῦ
527 1414 693 1513 Σωτῆρος
713 1409 814 1507 ἡμῶν
837 1408 1048 1514 προφητείᾳ.
1107 1411 1435 1509 ι*ΓίγνονταιΡιαῑΟ

217 1531 282 1630 μέν
306 1535 369 1613 οῦν
393 1536 450 1612 καὶ
474 1536 529 1636 ἐφ’
550 1534 678 1636 ἐτέρων
701 1533 877 1639 ἐπιδόξων
895 1537 953 1613 καὶ
976 1536 1161 1638 ἐπιφανῶν
1180 1538 1320 1636 ἀνδρῶν

218 1659 424 1766 ξενιζόντων
454 1659 616 1761 ἀστέρων
648 1656 857 1761 ἐκλάμψας,
886 1657 960 1737 οἷον
988 1665 1061 1737 τῶν
1091 1659 1320 1756 καλουμένων

218 1786 317 1888 πυροί
338 1820 413 1865 τισι
441 1791 617 1884 κομητῶν,
637 1782 660 1885 ἢ
685 1781 907 1884 1’δοκίδων,ίη
934 1783 1189 1886 πωγωνιῶν,ἤ
1213 1819 1319 1865 τινων
1381 1797 1384 1804 ’

219 1913 345 2014 ἐτέρων
372 1911 510 1996 τούτοις
536 1911 802 2014 παραπλησίων
827 1913 884 1991 ἐπὶ
910 1911 1080 2012 μεγάλοις
1105 1910 1338 2012 πράγμασινε

183 2036 264 2141 ιιέξ
292 2037 394 2122 ἐθους
426 2035 729 2144 ἀναφαινομένων.
787 2034 910 2115 Ἀλλὰ
942 2037 980 2114 τί
1008 2034 1078 2138 γὰρ
1107 2043 1264 2137 κρεῖττον
1293 2035 1316 2137 ἢ

218 2163 335 2264 μεῖζον
352 2170 405 2269 τῷ
428 2166 534 2242 παντὶ
557 2160 684 2270 κόσμῳ
708 2161 831 2262 γένοιτ’
852 2160 896 2239 ἅν
920 2194 1019 2256 ποτε,
1037 2159 1079 2260 οῆ
1105 2159 1146 2238 τὸ
1172 2159 1230 2240 διδι
1254 2165 1318 2259 τῆς

218 2291 397 2390 σωτηρίου
420 2290 625 2393 ἐπιφανείας
648 2295 763 2368 πᾶσιν
788 2286 951 2393 ὑπάρξαν
975 2288 1175 2388 ἀνθρώποις
1197 2285 1319 2388 νοερδν

218 2420 306 2516 φῶς,
343 2414 523 2508 εὐσεβείας
559 2416 617 2493 καὶ
658 2413 878 2516 θεογνωσίας
914 2416 1071 2512 ἀληθοῦς
1107 2409 1316 2516 κατάληψιν
1324 2408 1356 2522 ζ’

217 2546 378 2638 λογικοῖς
404 2543 540 2644 ψυχαῖς
572 2538 824 2641 κομιζόμενονς
865 2539 906 2618 οῦ
936 2537 981 2636 δὴ
1013 2535 1118 2641 χάριν
1149 2536 1190 2616 τὸ
1222 2537 1315 2636 μέγα

258 2720 338 2770 Ιτόν
351 2717 413 2771 αδδ.
429 2718 459 2770 P.
572 2703 648 2784 ισημ
661 2717 688 2771 S.
703 2718 732 2770 in
745 2734 829 2788 mnrg.
941 2709 1265 2784 ιλδοκίδων-πωγωνίαν
1280 2713 1312 2768 Ρ.

216 2794 317 2868 ellil]
334 2793 389 2850 οἷον
403 2799 433 2850 τδ
448 2798 479 2851 P.
504 2797 573 2853 Mox
587 2797 747 2866 sirudis.

217 2921 294 2994 quod
320 2921 433 2996 quidem
457 2922 595 2980 luminare
620 2923 751 2980 Christus
775 2922 829 2980 Dei
851 2931 920 2988 erat,
940 2922 1041 2998 ingens
1062 2921 1131 2978 illud
1156 2939 1315 2995 novumque

218 3001 305 3064 sidus,
334 3002 414 3076 cujus
441 3002 595 3076 imaginem
622 3021 658 3059 ex
688 3002 898 3078 comparatione
925 3021 958 3058 uc
985 3001 1167 3060 similitudine
1194 3001 1316 3075 quadum

218 3079 296 3144 illud,
312 3081 388 3155 quod
406 3091 476 3138 tune
495 3081 588 3156 magis
604 3083 742 3157 apperuit,
759 3083 907 3140 referebat.
948 3081 1044 3150 Quum
1064 3081 1140 3138 enim
1161 3099 1211 3156 per
1224 3089 1315 3138 totam

218 3169 426 3216 sacrosanctam
439 3169 468 3218 et
483 3180 500 3218 s
514 3161 609 3217 divino
623 3163 724 3236 spiritu
737 3163 870 3219 traditum
884 3163 1062 3236 scripturam,
1077 3163 1100 3218 si
1122 3163 1184 3237 quis
1201 3180 1263 3218 esm
1278 3161 1315 3218 sd

217 3255 332 3295 sensum
352 3239 563 3314 interpretetur,
589 3243 710 3315 primum
731 3242 768 3298 sit
789 3242 965 3314 propositum
988 3250 1019 3298 ut
1042 3242 1161 3316 mystica
1186 3242 1314 3314 quosdam

217 3317 367 3392 divinaque
380 3321 490 3384 docent,
505 3330 617 3377 servsto
631 3331 727 3377 tamen
741 3321 841 3377 saltem
863 3321 892 3376 in
913 3328 993 3394 parte
1010 3320 1094 3378 etism
1109 3321 1219 3394 vulgari
1233 3338 1313 3394 sper-

217 3406 304 3472 toque
323 3417 409 3455 sensu
428 3417 526 3456 eornm
549 3419 611 3473 qnae
632 3401 766 3456 historice
788 3406 871 3472 gestu
894 3408 977 3456 sunt:
1000 3401 1103 3456 merito
1124 3399 1180 3456 hoc
1205 3417 1315 3472 quoque

216 3477 293 3549 quod
306 3495 382 3534 nunc
396 3487 533 3535 tractatur
547 3479 690 3535 oraculum
710 3479 817 3552 inejus
831 3479 931 3535 sideris
944 3477 1102 3552 prophetin,
1118 3478 1192 3552 quod
1206 3477 1236 3533 in
1250 3484 1321 3532 ortu.

217 3555 373 3613 Sulvstoris
396 3559 486 3614 nostri
510 3559 647 3614 oriturum
673 3556 903 3623 denuncinbstur,
925 3557 1010 3614 etism
1034 3557 1071 3613 ud
1094 3557 1212 3614 verbum
1235 3573 1313 3612 com-

217 3636 324 3708 pletum
346 3645 399 3694 est.
442 3637 577 3694 Existunt
600 3638 711 3711 quidem
736 3638 797 3694 sliis
821 3655 932 3712 quoque
954 3637 1086 3711 gloriosis
1110 3645 1140 3692 et
1160 3634 1315 3692 illustribus

217 3715 284 3772 viris
298 3716 474 3773 insolitarum
489 3717 635 3774 stellsrum
656 3717 746 3791 ignes,
762 3725 904 3774 uteorum
919 3735 981 3790 que
996 3736 1013 3774 s
1026 3715 1192 3790 quibusdum
1207 3713 1315 3770 crinitis

217 3805 363 3860 vocentur,
382 3797 451 3852 item
472 3814 535 3869 qum
554 3797 658 3858 trebes.
679 3805 728 3852 sut
750 3815 811 3870 quae
833 3796 928 3853 barbe
949 3795 1159 3852 similitudinem
1180 3795 1314 3856 ferentes,

217 3883 304 3946 utque
317 3874 401 3932 etism
422 3875 596 3949 quorundam
611 3875 727 3932 aliorum
742 3875 787 3932 his
803 3875 946 3940 similium,
962 3894 1024 3949 ηοω
1039 3873 1151 3948 mugnis
1164 3871 1314 3930 imminen-

216 3952 292 4008 tibus
311 3953 396 4011 rsbns
417 3953 510 4011 solent
523 3955 653 4040 existere.
696 3954 828 4011 Atesim
847 3955 914 4028 qnid
930 3954 1046 4010 tandem
1067 3961 1116 4012 sut
1130 3949 1315 4016 excellentius

217 4045 266 4088 snt
280 4034 372 4108 majus
386 4033 438 4089 toti
453 4034 560 4090 mundo
577 4052 700 4107 unqusm
719 4033 880 4108 contigerit,
894 4051 979 4107 quam
1000 4032 1076 4106 quod
1093 4051 1144 4106 per
1164 4031 1314 4088 solutorem

216 4111 369 4170 adventum
391 4113 522 4170 omuibus
546 4113 638 4170 illuxit
660 4112 825 4170 mortalibus
846 4111 1041 4186 intelligentias
1060 4112 1166 4176 lumen,
1189 4109 1264 4184 quod
1286 4117 1316 4166 et

215 4191 330 4265 pietatis
343 4201 373 4249 et
385 4210 459 4248 verm
473 4191 626 4267 uguitionis
641 4192 695 4248 Dei
714 4190 925 4266 perceptionem
945 4190 1046 4246 animis
1067 4190 1250 4247 rationalibus
1270 4195 1314 4243 nt·

217 4269 303 4326 tulit?
325 4272 406 4346 cujus
424 4272 516 4345 grstia
534 4271 636 4345 ingens
653 4271 767 4346 signum
781 4270 819 4333 id.
835 4269 871 4326 de
886 4288 942 4343 quo
955 4278 1039 4326 entes
1052 4269 1159 4326 dictum
1174 4276 1228 4332 est,
1243 4265 1315 4322 indi-

258 4383 324 4420 vot..
339 4385 374 4421 n.
741 4384 755 4420 Ι
770 4384 784 4422 Ι
