3142 4720
267 233 333 296 550
713 229 898 296 EUSEBII
1343 245 1510 315 p.273-

269 395 469 478 ἀμπελῶνος,
485 393 538 463 καὶ
565 390 776 464 καταστόσω
797 395 841 470 eie
860 390 943 489 χάος
962 393 1039 470 τοῦς
1059 395 1169 470 λίθους
1188 395 1296 478 αὐτῆς,
1312 394 1398 468 xaib

268 505 314 579 τδ
332 509 465 590 θεμέλια
483 508 580 590 aiem
596 505 819 600 ιἰτοκολῦψω.

232 667 261 716 ¹3
272 639 344 717 Καὶ
362 637 528 738 ἐπιλέγει,

320 780 463 868 Κατέβη
480 778 560 851 κακὰ
574 778 664 876 παρὰ
680 780 805 877 Κυρίου
818 782 871 852 ἐπὶ
889 779 1230 875 τόλαςἹερουσολέημ,
1244 776 1367 875 ψόφος

268 894 423 991 ἁρμάτων
438 897 490 967 καὶ
508 897 719 968 ἱππευόντων.

231 1026 342 1102 uitat
361 1025 469 1121 αὖθις,

318 1166 368 1234 Ἡ
392 1165 473 1261 δόξα
497 1175 555 1250 τῆς
580 1165 746 1264 θυγατρός
770 1165 1001 1263 Ἰερουσαλὴμ,
1022 1163 1156 1262 ξῦρησαι
1183 1165 1235 1235 καὶ
1260 1175 1387 1261 κεῖραι5

267 1280 320 1350 ἐπὶ
342 1279 503 1352 τὰτέκνα
522 1278 568 1350 τῦ
590 1277 741 1378 τρυφερό
768 1311 838 1352 σου.
887 1276 1127 1362 Ἐμτλότννον
1149 1280 1209 1362 την
1231 1280 1365 1375 χηρείαν

268 1402 340 1480 σοῦ,
356 1398 396 1474 ὡς
415 1395 519 1480 ἀετός,
538 1395 593 1467 ὅτι
611 1395 910 1491 ᾐχμαλωτεόθησον
928 1395 998 1465 ῦτό
1014 1424 1085 1466 σου.

267 1525 353 1604 Ἐπὶ
371 1525 517 1622 τούτοις,

318 1668 404 1738 Σιιῦν
421 1672 461 1745 ὡς
477 1666 581 1764 ἆγρδς
598 1669 888 1764 ἆροτριαθῆσετοι,
905 1670 958 1738 καὶ
972 1668 1191 1765 Ἰερουσαλὴμ
1214 1670 1254 1743 ὡς
1275 1669 1364 1738 ότω-

266 1780 469 1879 ροφυλόκιον
486 1783 595 1865 ἔσται,
611 1783 663 1852 καὶ
679 1781 723 1852 τῦ
742 1784 817 1880 ὅρος
833 1790 894 1854 τοῦ
911 1783 999 1853 οἴκου
1015 1785 1057 1860 εἷς
1074 1780 1180 1856 ἄλσος
1196 1779 1326 1877 δρυμοῦ.
1374 1807 1404 1843 ¹0

230 1954 259 2004 ιη
324 1911 418 2010 Σιὼν
437 1910 474 1992 δέ
493 1916 550 1991 καὶ
567 1910 807 2014 Ἰερουσαλὴμ
826 1916 883 1992 καὶ
902 1912 944 1992 τὸ
963 1913 1182 2011 καλούμενον
1199 1911 1281 2012 ὅρος
1299 1917 1390 1988 τοῦο

266 2037 372 2134 οἴκου,
390 2040 486 2117 ταῦτ’
507 2036 552 2137 ἦν
574 2041 686 2117 ἐκεῖνα
707 2038 754 2118 τὰ
779 2037 940 2141 πρόσθεν
963 2037 1190 2138 δεδηλωμένα
1213 2035 1271 2116 διὰ
1288 2045 1363 2132 τοῦ,

268 2171 335 2243 Καὶ
361 2163 617 2258 σαλευθήσονται
645 2163 691 2243 eit
717 2167 766 2274 ῦρη
787 2163 994 2244 ὑποκάτωθεν
1019 2166 1131 2253 αὐτοῦ,
1154 2169 1212 2242 nai
1238 2172 1275 2240 ai
1295 2197 1364 2241 κοι-

267 2284 372 2374 uuida
409 2289 610 2380 τακησιντιιι
648 2292 692 2372 ὡς
731 2289 822 2396 κηρὶς
859 2289 930 2369 uiui
970 2287 1146 2396 τροσότου
1178 2286 1290 2394 stopie,
1322 2281 1386 2368 dis

266 2413 426 2502 ἀσέβειαν
443 2416 588 2506 Ἰακώβ.
649 2413 724 2493 Διὰ
741 2414 812 2517 γὰρ
831 2415 896 2499 τὰς
918 2416 1138 2516 δρασθείσας
1161 2413 1237 2491 κατ’
1254 2413 1363 2491 αὐτοῦ
1450 2510 1452 2512 ¹

267 2541 480 2634 δυσσεβείας
499 2540 599 2625 εῦθῦς
622 2543 680 2620 καὶ
704 2542 767 2619 οῦκ
792 2547 840 2625 εἰς
858 2537 996 2642 μακρὸν
1019 2537 1141 2618 καὶτὰ
1163 2536 1229 2639 ὄρη
1253 2541 1312 2616 καὶ
1330 2542 1363 2616 οἱ

266 2670 304 2745 ἐν
328 2665 463 2749 τούτοις
491 2672 664 2749 οἰκοῦντες
688 2665 981 2767 πεπολιόρκηντο,
999 2660 1214 2765 ἐμπρησμόν
1239 2696 1278 2740 τε
1305 2665 1364 2741 καὶ

267 2790 424 2895 ἐσχάτην
450 2792 596 2894 ἐρημίαν
620 2789 662 2870 τὸ
689 2788 784 2869 Σιὼν
805 2789 886 2892 ὅρος
910 2789 1080 2886 ὑπέμεινε,
1100 2791 1159 2866 καὶ
1176 2789 1303 2889 γε’γουε
1321 2787 1363 2866 τῦ

231 2915 348 3018 ιοόρος
366 2925 429 2997 τοῦ
446 2917 542 2996 οἴκου
560 2924 623 2995 τοῦ
643 2920 738 2994 Θεοῦ
762 2921 810 2998 εἷς
828 2913 945 2997 ἄλσος
964 2919 1108 3016 δρυμοῦ.
1157 2918 1284 2992 Ταῦτα
1301 2912 1366 3012 μὲν
1377 2947 1407 2983 10

267 3142 358 3203 vinee,
373 3147 400 3194 et
414 3139 557 3195 detraham
572 3143 600 3195 ia
613 3140 779 3214 priffuudum
796 3141 899 3214 lapidee
912 3137 979 3210 ejus,
993 3146 1021 3193 ei
1032 3137 1216 3212 fundamenta
1229 3135 1287 3208 ejus
1300 3155 1363 3210 ope·

106 3232 226 3282 simun,
269 3221 347 3274 riaiu.
382 3219 422 3274 Et
436 3218 575 3293 adjungit,
592 3219 795 3276 Descenderuut
808 3222 883 3276 nuta
898 3219 1047 3275 aDomiuo
1059 3225 1245 3292 superportat
1263 3219 1364 3274 Hieru-

106 3312 154 3352 σοι.
166 3321 225 3361 ηις.
268 3299 359 3364 sotem,
374 3300 476 3354 sonitus
490 3317 618 3355 curruum
632 3307 658 3354 et
671 3302 858 3373 equitantium.
900 3299 938 3355 Et
951 3315 1058 3360 rursus,
1078 3297 1173 3354 Gloria
1180 3297 1251 3370 filioe
1262 3299 1363 3354 Hieru.

268 3377 360 3444 salem,
374 3379 441 3433 rade
453 3387 480 3434 ei
494 3381 573 3435 tonde
586 3398 664 3453 super
677 3381 755 3454 filios
774 3379 903 3436 delicatos
917 3386 987 3442 tuos,
1002 3377 1089 3434 diluta
1108 3380 1267 3434 viduitatem
1287 3386 1363 3433 tuam

106 3476 184 3527 uum,
196 3487 227 3519 ιι.
268 3461 338 3516 sicui
357 3459 461 3532 aquilei,
476 3459 604 3533 quoniam
625 3459 726 3533 captiui
745 3459 820 3515 ducti
839 3467 901 3514 suut
921 3477 954 3515 ee
974 3467 1010 3515 te.
1049 3457 1096 3513 Ad
1113 3457 1183 3523 huc,
1199 3457 1267 3513 Sion
1284 3459 1364 3535 quasi

268 3557 335 3610 ager
352 3539 489 3604 arabitur,
510 3547 535 3596 et
555 3541 725 3596 Hierusalem
746 3539 825 3612 quasi
847 3557 987 3613 pomorum
1011 3539 1134 3594 custodio
1154 3539 1215 3602 erit,
1237 3545 1264 3593 et
1286 3554 1364 3593 mous

268 3623 364 3676 doinus
384 3622 413 3676 ia
436 3622 523 3676 lucum
542 3620 634 3695 sylva.
677 3619 765 3674 Porro
786 3617 856 3686 haec,
879 3617 959 3683 Sion,
977 3626 1007 3674 et
1026 3617 1213 3682 Hierusalem.
1235 3625 1265 3672 et
1286 3615 1364 3690 quod

268 3707 385 3756 vocatur
407 3718 488 3756 mons
509 3700 619 3762 domus.
635 3699 682 3755 illa
702 3699 763 3772 ipsa
784 3707 859 3762 sunt,
874 3717 936 3773 quae
958 3698 1035 3772 prius
1054 3696 1213 3770 significatu
1227 3705 1294 3752 sunt
1307 3695 1363 3752 illis

268 3778 371 3842 verbis,
386 3778 427 3834 Ει
446 3781 682 3836 commovebuntur
695 3785 798 3833 uiantes
817 3778 909 3834 subter
923 3797 962 3843 eo,
978 3787 1004 3834 et
1024 3778 1107 3834 ualles
1129 3777 1272 3851 liquescent
1292 3778 1364 3832 sieut

270 3877 331 3913 cera
346 3857 448 3932 asacie
461 3859 540 3931 ἱροῖς,
554 3867 666 3933 propter
679 3861 842 3933 impietatem
855 3858 952 3923 Jacob,
964 3866 993 3915 et
1007 3867 1116 3914 caeteru.
1158 3857 1235 3912 Num
1249 3864 1365 3930 propter

269 3936 428 4010 impietates
443 3955 512 4009 ques
526 3947 624 3995 contra
634 3939 726 4011 ipsum
741 3947 899 4010 gesserunt,
908 3937 983 3994 illico
997 3955 1088 4011 neque
1103 3953 1171 3992 sene
1185 3935 1275 3992 multo
1290 3947 1364 4012 post,

270 4025 299 4072 et
312 4024 433 4079 montes,
449 4024 477 4072 et
496 4015 543 4089 qui
560 4017 588 4073 in
609 4018 663 4074 illis
684 4016 858 4082 habitabant,
874 4017 1036 4091 depopulati
1058 4025 1132 4078 sunt.
1147 4015 1365 4089 incendiumque

270 4103 353 4170 utque
368 4102 524 4152 extremam
538 4096 717 4154 solitudinem
731 4115 814 4153 mons
833 4096 902 4154 Sion
922 4096 1053 4170 pertulit:
1076 4105 1105 4152 et
1118 4095 1211 4153 factus
1225 4104 1269 4152 est
1282 4112 1365 4151 mons

271 4176 371 4230 domus
386 4173 439 4230 Dei
452 4174 481 4229 in
495 4174 589 4230 lucum
604 4176 699 4250 sylvae.
743 4177 813 4232 Haec
826 4177 901 4233 enim
915 4177 946 4233 in
960 4175 1067 4232 domini
1081 4176 1116 4232 de
1135 4175 1207 4232 eoelo
1226 4175 1365 4231 descensu

270 4252 306 4309 ed
321 4252 384 4307 illos
398 4261 516 4310 ventura
534 4270 659 4324 pruteno
678 4273 788 4328 quoqne
802 4256 950 4328 prophetia
964 4255 1115 4328 significat,
1130 4273 1193 4328 quae
1207 4253 1292 4312 etium
1306 4252 1365 4310 evi-
