3132 4714
56 289 98 302 —
110 273 190 339 3²5·
437 256 666 322 DEMONST.
692 251 861 322 EVANG.
884 257 968 322 VII.
988 278 1013 320 1.
1234 256 1299 325 649

198 426 248 502 εἰς
270 421 404 524 χέρσον
422 419 665 520 καταστήσειν
689 419 753 499 τὸν
777 423 972 520 ἀμπελῶνα
997 419 1221 522 μαρτύρεται,
1241 423 1299 496 καί
1310 457 1340 492 ιο

198 553 272 631 τοῖς
300 549 440 651 ἐχθροῖς
467 547 697 650 παραδώσειν
726 545 842 644 αὑτὸν,
871 545 931 628 οὒς
959 543 1050 645 μετὰ
1076 543 1209 640 βέλους
1241 544 1300 622 καὶ

198 673 416 782 τοξεύματος
434 673 710 754 εἰσελεύσεσθαί
728 680 845 779 φησιν
862 677 934 753 ἐκεῖ
948 670 1028 756 τοὺς
1048 673 1113 772 τὴν
1132 671 1328 778 ε’ξουσίανί)

198 801 393 908 εἰληφότας
426 799 495 882 ὑπὸ
523 809 586 881 τοῦ
614 806 720 896 Θεοῦ,
748 809 811 879 τοῦ
839 797 1061 902 παραδόντος
1090 801 1206 908 αὐτοῖς
1236 799 1302 888 οὐκ

199 929 361 1030 ἀκρίτως,
394 929 478 1006 ἀλλ’
512 927 551 1006 εὖ
582 925 684 1024 μάλα
715 929 753 1006 ἐν
785 927 874 1031 δίκῃ,
907 926 961 1006 ὅτι
993 925 1037 1026 δῆ
1074 926 1204 1030 χέρσος
1241 927 1300 1003 καὶ

160 1085 192 1131 ιι
201 1053 339 1134 ἄκανθα
367 1055 484 1134 αὐτῶν
511 1055 634 1155 γέγονε
665 1059 769 1132 πᾶσα
799 1053 823 1150 ῆ
851 1057 912 1154 γῆ.
971 1051 1045 1132 Διὰ
1074 1059 1179 1130 τοῦτο
1212 1059 1322 1151 γοῦνς

201 1181 342 1285 ἐπείπερ
366 1187 415 1265 εἰς
439 1179 573 1285 χέρσον
591 1182 649 1259 καί
672 1180 831 1260 ἄκανθαν
849 1181 948 1258 αὐτοὶ
966 1178 1108 1262 ἑαυτοὺς
1127 1178 1300 1278 κατέστη-

201 1339 285 1404 σαν,
304 1309 556 1397 εἰσελεύσονται,
575 1309 701 1411 φησίυ,
720 1303 897 1408 inciperci
914 1303 1036 1398 βέλους
1058 1311 1116 1386 καί
1137 1306 1300 1411 τοξεύμα-

201 1425 318 1530 mesot
344 1433 412 1536 τῆν
434 1435 509 1513 κατ’
531 1434 647 1513 αὐτῶν
670 1431 837 1538 ἐξουσίαν
860 1429 1057 1537 εἰληφότες.
1118 1430 1183 1530 Μῆ
1210 1431 1296 1511 θαύ-

203 1558 288 1662 μαζε
308 1562 337 1639 εἰ
355 1566 384 1640 εἰ
402 1563 461 1639 καί
478 1568 591 1638 ταῦτα
609 1557 926 1658 συνεσκιασμένως
944 1560 1003 1636 καί
1021 1560 1063 1636 δι’
1083 1555 1300 1656 αἰνιγμάτων

160 1686 423 1767 8ςιίποδέδοται.
484 1687 660 1765 Λέλεκται
685 1693 773 1786 γοῦν
792 1685 859 1784 ἤδη
884 1682 1099 1788 πρότερονῆ
1125 1687 1219 1765 αἰτία
1237 1689 1301 1783 τῆς
1311 1721 1340 1755 ¹0

201 1813 364 1913 τοιαύτης
385 1813 583 1910 οἰκονομίας
606 1820 670 1891 τοῦ
695 1809 820 1912 λόγου,
838 1813 1077 1910 βουληθέντος
1095 1811 1297 1917 ἐπικρύφο-

202 1946 290 2020 σθαι
315 1937 379 2018 τὸυ
397 1940 553 2043 ἔσχατον
577 1947 641 2018 τοῦ
658 1939 838 2018 Ἰουδαίων
857 1937 978 2021 ἔθνους
999 1937 1164 2040 ὄλεθρον,
1187 1943 1234 2023 ὡς
1256 1936 1325 2018 ivo

204 2063 422 2170 φυλάττοιτο
443 2066 527 2168 παρ’
548 2066 666 2148 αὐτοῖς
693 2065 715 2162 ῆ
743 2061 868 2169 γραφὴ
896 2070 943 2147 εἰς
970 2067 1071 2164 ἡμῶν
1095 2072 1167 2145 τῶν
1190 2069 1302 2146 ἐθνῶν

159 2192 398 2287 διβελτίωσίν
416 2225 454 2270 τε
472 2193 532 2271 καὶ
549 2189 740 2298 ὠφέλειαν.
790 2195 835 2269 Εἰ
854 2199 942 2293 γοῦν
960 2190 1166 2298 ἀναφανδὸν
1184 2193 1302 2274 αὐτοῖς

202 2318 268 2418 μέν
285 2316 437 2420 ὄλεθρον
449 2325 522 2400 τοῖς
541 2315 577 2396 δὲ
596 2316 735 2395 ἔθνεσιν
749 2315 869 2416 ἀγαθὰ
883 2317 1145 2419 προεκήρυττον
1158 2323 1195 2396 αἰ
1212 2347 1322 2420 προ-5

203 2451 354 2550 φητείαι,
374 2445 484 2526 οὐδεὶς
508 2439 553 2520 ἂν
571 2443 652 2543 περὶ
678 2440 787 2526 αὐτὰς
811 2441 1016 2522 ἐσπούδασε
1042 2449 1113 2522 τῶν
1135 2447 1174 2523 ἐκ
1198 2478 1296 2546 περι·

202 2574 324 2670 τομῆς,
340 2567 440 2648 ἀλλὰ
467 2571 516 2651 ὡς
544 2570 661 2652 αὐτοῖς
687 2568 845 2652 ἐναντίας
870 2570 982 2652 οὔσας
1006 2572 1064 2649 καί
1081 2568 1211 2672 ἐχθρὰς
1229 2569 1300 2649 διέ-

202 2702 354 2802 φθειραν
373 2693 417 2773 ἂν
432 2693 553 2788 αι’πιίς,
574 2698 632 2773 καὶ
655 2693 771 2774 οὐκέθ’
792 2695 875 2793 ἡμῖν
893 2701 966 2776 τοῖς
991 2694 1035 2799 ἐξ
1057 2697 1167 2772 ἐθνῶν
1185 2697 1302 2796 παρῆν

202 2829 279 2906 ταῖς
306 2828 379 2900 τῶν
400 2827 598 2926 προφητῶν
623 2824 704 2923 περὶ
730 2829 794 2900 τοῦ
825 2825 991 2923 Σωτῆρος
1015 2820 1116 2919 ἡμῶν
1140 2823 1197 2898 καὶ
1222 2823 1302 2922 περὶ

203 3016 308 3074 cultam
324 3016 433 3073 vineam
455 3015 635 3073 reducturum
658 3034 689 3073 ee
709 3015 840 3080 affirmet,
854 3025 884 3073 et
901 3035 963 3073 eam
985 3014 1105 3072 inimicis
1124 3013 1301 3079 traditurum,

204 3115 276 3172 quos
289 3115 354 3155 cum
369 3096 476 3172 sagitto
489 3105 519 3154 et
533 3115 601 3154 arcu
614 3095 681 3153 illuc
695 3097 734 3154 ait
749 3096 935 3172 ingressuros,
946 3095 993 3154 ubi
1008 3115 1025 3152 a
1038 3096 1110 3160 Deo,
1120 3096 1167 3172 qui
1180 3114 1230 3153 eos
1244 3115 1303 3153 non

204 3177 306 3254 injurie
330 3177 380 3234 sed
397 3177 463 3251 jure
485 3175 594 3252 optimo
613 3176 770 3242 tradiderit,
791 3178 951 3253 acceperint
971 3185 1151 3252 potestatem,
1171 3196 1206 3234 eo
1227 3177 1303 3252 quod

204 3267 281 3314 terre
302 3257 409 3314 incultu
432 3265 463 3314 et
491 3257 571 3331 opina
598 3256 690 3314 omnio
717 3257 842 3332 ipsorum
869 3267 947 3316 terre
969 3259 1044 3315 facta
1071 3259 1116 3322 eit,
1144 3265 1302 3332 propterea,

204 3338 328 3412 inquom,
343 3337 420 3412 quod
434 3337 470 3394 ed
483 3345 588 3394 terram
602 3337 738 3395 incultam
753 3347 782 3394 et
793 3339 901 3414 spinum
918 3338 970 3413 ipsi
985 3339 1092 3414 seipsos
1107 3337 1301 3410 redegerunt)

204 3418 399 3490 ingredientur,
414 3418 514 3493 inquit,
530 3418 595 3475 illue
613 3437 673 3475 oum
694 3421 795 3492 sagitta
809 3427 834 3476 et
849 3437 924 3483 arcu,
941 3419 988 3492 qui
1003 3427 1103 3475 eontra
1115 3417 1193 3492 ipsos
1207 3426 1302 3490 poteo·

204 3507 293 3556 tutem
307 3499 477 3574 accepen'nt.
520 3497 662 3556 Caeterum
684 3498 743 3556 noli
764 3516 860 3574 quaeeo
876 3497 981 3560 mirari.
997 3499 1021 3553 ei
1040 3496 1101 3553 haeo
1121 3513 1232 3570 quoque
1253 3495 1303 3551 nd-

207 3579 338 3636 ombrate
356 3588 385 3636 et
403 3597 455 3654 per
467 3579 574 3654 figures
587 3579 800 3636 obscurissimae
814 3577 926 3635 redditu
940 3585 1013 3634 sunt
1053 3575 1119 3633 Jum
1137 3575 1212 3631 enim
1227 3575 1304 3650 prius

205 3659 424 3734 dispensationis
451 3659 613 3734 hujusmodi
640 3677 725 3717 cauea
749 3659 825 3716 dictu
851 3665 904 3725 eet,
931 3657 1007 3732 quod
1035 3657 1130 3730 utique
1159 3655 1303 3711 oraculum

205 3739 327 3797 voluerit
339 3749 498 3798 extremum
512 3739 533 3796 J
535 3739 641 3796 udeicae
662 3741 756 3815 gentio
777 3738 918 3797 occultare
932 3737 1086 3800 interitum,
1101 3742 1133 3792 ut
1147 3735 1222 3812 apud
1241 3753 1303 3792 eam

205 3819 346 3895 scripturn
358 3820 395 3877 ed
409 3829 537 3878 nostrum
557 3819 681 3895 ipsarum
702 3821 830 3895 gentium
853 3819 1009 3894 profectum
1023 3817 1229 3890 utilitatemque
1244 3835 1302 3872 ser-

207 3908 328 3958 varetur.
366 3901 445 3957 Nam
460 3901 483 3958 si
496 3899 564 3976 ipsis
578 3900 691 3976 quidem
705 3901 797 3976 pulum
813 3900 959 3957 interitum
972 3898 1105 3975 gentibue
1119 3905 1213 3954 eutem
1228 3897 1304 3954 bone

206 3980 361 4056 prophetiae
389 3981 519 4056 pollicitae
548 3989 644 4038 essent
675 3999 708 4038 uo
741 3981 947 4056 predixiseent,
974 3998 1058 4036 nemo
1085 3977 1160 4052 apud
1186 3977 1303 4034 Jodoeoe

207 4079 302 4118 earum
318 4061 461 4119 studiosus
473 4060 581 4124 fuisset,
597 4061 647 4118 eed
661 4080 709 4118 ene
723 4070 857 4137 tanquam
878 4060 946 4136 ipsis
967 4059 1123 4116 contratiae
1144 4067 1228 4134 atque
1249 4057 1302 4114 ini-

206 4140 294 4198 mioue
314 4141 494 4208 delevissent,
509 4149 594 4216 etque
615 4142 655 4198 ita
672 4142 764 4208 nobie,
779 4141 826 4217 qui
847 4141 883 4198 de
903 4140 1036 4216 gentibue
1056 4139 1174 4214 proiecti
1196 4157 1302 4202 sumus,

206 4221 369 4297 neutiquam
391 4221 516 4280 licuisset
539 4222 740 4296 prophetarum
765 4221 801 4278 de
820 4219 967 4278 Salvatore
989 4230 1086 4277 nostro
1112 4238 1146 4276 ac
1164 4219 1200 4276 de
1220 4217 1302 4275 nobie

206 4301 274 4377 ipoie
287 4302 459 4360 testimoniis
479 4302 529 4360 uti.
572 4303 711 4359 Caeterum
734 4320 820 4377 quum
838 4311 896 4359 tam
918 4301 1007 4358 multe
1028 4300 1056 4356 in
1076 4299 1120 4356 die
1135 4297 1303 4355 Emmanuel

247 4415 314 4454 wlf.
331 4416 366 4456 11.
775 4415 789 4452 Β
