3108 4708
253 253 318 323 οοο
700 251 886 318 uusuou
1334 257 1494 340 pum-

252 423 293 498 ὡς
310 422 478 518 ὄστρακον
494 425 512 503 ἡ
530 422 623 516 ι’σχῦς
639 451 712 506 μον,
730 420 814 501 καὶὴ
842 418 986 513 ’γλῶσσά
1012 451 1075 501 μον
1094 421 1291 504 κεκόλληται
1309 429 1358 514 τῷ

252 533 404 633 λάρυγγί
428 568 501 620 μου,
528 538 580 606 καὶ
608 539 651 612 είς
677 543 757 631 χοῦν
786 532 930 607 θανάτου
956 536 1146 629 κατῆγογίς
1174 568 1226 619 με.
1271 536 1355 609 Ὀτι
1367 569 1398 632 p.
1409 567 1472 630 490

254 649 434 723 ἐκιίκλωσιίν
457 683 499 736 με
523 651 606 725 κιίνεε
631 651 768 735 πολλοί,
787 650 962 743 συναγωγὴ
985 652 1242 748 πονηρευομένων
1265 683 1358 749 περι-

230 769 356 864 4ε’σχον
372 798 423 852 με.
470 762 614 862 Ὦρυξαν
630 763 741 864 χεῖράς
761 797 824 848 μου
846 767 898 836 καὶ
921 765 1025 843 πόδας
1047 797 1120 850 μον,
1138 765 1358 864 ἐξηρίθμησαν

253 880 363 953 πιίντα
380 879 424 952 τὰ
446 883 535 953 ὁστῦ
551 912 624 964 μου.
676 881 784 951 Αῦτοί
808 879 842 951 δὲ
864 880 1063 961 κατενόησαν
1083 882 1135 952 καὶ
1157 881 1284 952 ἕπεῖδιίν
1303 905 1356 965 με·

254 997 480 1093 διεμερίσαντο
496 996 541 1068 τὰ
564 995 681 1082 ι’μᾶτιιί
700 1027 764 1080 μον
786 996 920 1078 iamin,
939 996 990 1066 nui
1017 995 1071 1067 ε’πί
1093 994 1153 1068 τὸν
1175 997 1383 1078 ίματισμόνς,

252 1143 317 1197 μον
341 1115 467 1200 ἔβαλον
490 1121 620 1210 κλῆρον.
673 1111 721 1181 Σὺ
747 1109 790 1194 δὲ,
809 1110 922 1207 Κύριε,
943 1111 987 1193 μὴ
1012 1113 1167 1208 μακρῦνης
1192 1113 1252 1194 τὴν
1274 1114 1358 1200 βοή-

255 1225 343 1300 θειιίν
368 1259 441 1313 μου,
467 1233 510 1305 είς
534 1229 593 1310 τὴν
619 1225 803 1320 ιἰντίληψίν
828 1237 909 1310 τμου
935 1227 1095 1322 πρόσχοι.
1143 1227 1261 1298 Ῥῦσαι
1288 1226 1358 1298 ἆπδ

253 1343 423 1440 ῥομφαίας
444 1344 504 1425 τὴν
522 1341 636 1438 ψυχήν
656 1374 728 1426 μον,
746 1341 799 1412 καί
821 1343 854 1412 ἐκ
878 1340 987 1437 χειρὸς
1007 1340 1096 1418 nuntie
1116 1343 1177 1424 τῆν
1196 1350 1358 1434 μονογενῆ
1371 1371 1401 1405 10

255 1488 329 1541 μου.
380 1457 498 1528 Σῶσιίν
525 1488 567 1541 με
596 1459 629 1527 ἐκ
658 1457 831 1539 στόματος
860 1457 1006 1540 λέοντος,
1035 1458 1087 1527 καί
1118 1457 1186 1529 ἀπὸ
1215 1456 1391 1554 κεράτωνλ)

232 1573 481 1669 ςμονοκεριῦτων
507 1573 568 1654 τὴν
593 1571 787 1642 ταπείνωσίν
816 1601 889 1653 μου.
941 1575 1154 1664 Διηγῆσομαι
1183 1571 1226 1644 τὸ
1256 1569 1359 1652 ὄνομά

256 1717 317 1756 σου
339 1695 409 1762 τοῖς
431 1684 734 1780 &taruannensi
755 1685 846 1774 μέσῳ
868 1686 1038 1767 ἐκκλησίας
1061 1688 1188 1770 ὑμνήσω
1211 1718 1261 1758 σε.
1312 1685 1362 1754 Oi

256 1801 459 1898 φοβούμενοι
481 1797 557 1870 Ιτδν
581 1799 706 1895 Κύριον
729 1799 880 1869 αι’νέσατε
906 1800 1015 1870 αῦτόν·
1041 1799 1130 1869 ἅπαν
1154 1800 1198 1870 τδ
1223 1801 1358 1896 σπέρμα

257 1916 379 2002 Ἰακιδβ
413 1911 580 2007 δοξάσατε
609 1914 717 1984 αὐτόν.
776 1913 1029 1998 Φοβηθῆτωσαν
1063 1915 1161 1986 ateio
1192 1915 1281 1986 ἅπαν
1314 1915 1383 1996 τὸς

258 2031 391 2126 σπέρμα
410 2029 561 2126 Ἰσραὴλ,
585 2027 638 2099 ὅτι
665 2029 720 2098 οῦκ
746 2026 952 2121 ε’ξονδὲνωσεν
977 2027 1048 2099 οῦδὲ
1073 2031 1289 2126 προσώχθισα
1313 2035 1357 2124 τῇ

258 2143 361 2226 δεήσει
389 2150 450 2215 τοῦ
475 2149 624 2239 πτωχοῦ,
650 2142 722 2213 οῦδὲ
751 2142 953 2239 ἀπέστρεψε
977 2141 1020 2214 τὸ
1047 2143 1228 2241 πρόσωπον
1258 2148 1360 2216 αὑτοῦ

257 2259 313 2328 ἀπ’
333 2259 420 2339 ἐμοῦ,
438 2259 490 2327 καί
507 2259 539 2327 ἕν
556 2264 604 2348 τῷ
622 2259 809 2352 κεκραγέναι
826 2289 868 2342 με
884 2257 967 2355 πρὸς
985 2257 1094 2344 uei-riu,
1111 2261 1279 2341 εἰσῆκουσὲ
1293 2289 1358 2342 μον

256 2369 347 2468 παριί
366 2403 427 2442 σου
443 2374 462 2442 ὁ
485 2372 614 2448 ἔπαινός
629 2403 693 2456 μον
715 2375 748 2443 ε’ν
769 2374 922 2464 ἐκκλησίᾳ
939 2371 1081 2467 μεγάλη·
1106 2373 1168 2450 τὰς
1184 2374 1278 2469 εῦχᾶς
1294 2405 1359 2456 μου
1370 2411 1402 2446 ιο

235 2485 419 2558 6ἆποδιῦσω
436 2488 569 2557 ἐνώπιον
585 2491 650 2557 τῶν
667 2489 881 2584 φοβουμένων
899 2488 1024 2559 ιαι’ντιίν.
1072 2484 1246 2580 Φιίγοντοι
1264 2490 1386 2569 niun-o

257 2635 312 2679 τες
328 2604 380 2674 καί
396 2605 703 2687 ε’μπλησθῦσονται,
716 2603 768 2673 καί
785 2604 947 2674 αι’νέσουσι
963 2604 1086 2700 Κύριον
1104 2607 1136 2673 αι’
1152 2601 1360 2702 ἐκζητοῦντες

461 2755 604 2817 rneonium.
620 2747 647 2801 S.
730 2748 869 2802 8τδνοιιι.
885 2747 912 2801 S.
1003 2744 1112 2800 taurin
1127 2747 1154 2800 S.

257 2884 327 2934 eum,
342 2875 369 2922 et
383 2867 503 2940 ἀίιρενοα
517 2873 577 2923 eunt
591 2869 681 2923 omnin
695 2883 753 2922 oua
768 2883 839 2922 meu.
878 2863 996 2922 Factum
1010 2872 1050 2922 est
1064 2883 1110 2922 cor
1123 2883 1212 2922 meum
1227 2874 1360 2940 tunquam

259 2963 321 3002 cera
337 2947 489 3018 liquescens,
505 2947 532 3002 in
548 2947 633 3003 medio
647 2949 747 3003 uentris
760 2945 823 3001 mei.
864 2946 949 3003 Aruit
963 2953 1092 3018 tunquam
1107 2953 1175 3004 teuto
1190 2949 1276 3003 virtus
1289 2965 1359 3003 meo.

260 3027 297 3080 Et
320 3027 411 3098 tingue
433 3044 492 3081 meu
513 3026 625 3082 adiurit
645 3025 756 3099 uenturi
776 3043 843 3093 meo,
858 3033 884 3081 et
907 3026 936 3082 in
953 3027 1095 3100 puluerem
1115 3030 1208 3083 mortis
1226 3027 1362 3084 duonum

259 3123 317 3160 nte:
333 3106 935 3177 quoniumcircumdederuntmeconeemutti.
960 3105 1141 3178 congregatio
1150 3107 1361 3182 malignantium

259 3183 361 3241 obsedit
384 3202 435 3240 me.
480 3185 615 3240 Foderunt
637 3203 732 3242 neonus
754 3203 828 3241 cneus
850 3195 875 3242 et
899 3188 981 3260 pedes
1005 3205 1093 3244 meos:
1117 3189 1359 3244 dinumeraverunt

259 3267 348 3321 omnin
362 3283 422 3320 osso
437 3283 504 3322 meo.
549 3265 606 3341 Ιριί
626 3285 688 3322 cero
710 3266 953 3330 consideraverunt,
970 3274 996 3322 et
1018 3268 1190 3340 inspexerunt
1203 3286 1267 3324 me.-
1289 3269 1359 3324 diui-

258 3353 349 3402 eerunt
363 3346 523 3401 vestimento
537 3365 596 3403 meu
609 3348 670 3411 sibi,
686 3355 712 3402 et
725 3365 807 3420 super
820 3355 916 3404 uestem
931 3365 1017 3402 meum
1032 3349 1160 3404 miserunt
1175 3355 1280 3404 sortem.
1319 3347 1360 3404 Tu

258 3435 347 3483 nutem
362 3425 482 3482 Domine
502 3445 535 3482 ne
555 3429 649 3500 procui
669 3444 794 3483 ονιοοεοι
815 3426 948 3484 munitium
967 3446 1064 3484 meum.
1106 3429 1153 3483 At
1165 3431 1360 3502 enccqrtionern

258 3525 346 3564 nicom
369 3511 478 3580 respice.
520 3507 610 3581 Eripe
637 3527 654 3563 u
673 3507 786 3581 framea
809 3509 928 3563 unimam
953 3527 1047 3572 meum,
1074 3516 1101 3565 et
1124 3527 1158 3564 eu
1179 3517 1263 3564 mu'nu
1285 3509 1361 3564 eunii

258 3589 364 3644 unicum
381 3605 477 3643 meum.
508 3588 593 3643 Solon
607 3605 649 3643 mo
663 3605 696 3643 eu
709 3605 755 3643 ore
768 3586 862 3654 leonis,
878 3595 904 3644 et
917 3605 935 3642 α
949 3589 1072 3645 cornibus
1086 3589 1255 3644 unicornium
1269 3587 1358 3644 iumi-

259 3669 364 3724 litutem
379 3687 476 3724 meum.
520 3667 649 3723 Narrabo
670 3685 763 3722 nomen
785 3676 862 3723 tuum
878 3667 1020 3741 fratribus
1039 3671 1113 3724 meis.
1160 3667 1192 3724 In
1210 3670 1297 3724 medio
1314 3686 1359 3723 eo·

258 3751 344 3805 cimice
358 3747 474 3804 laudubo
487 3755 523 3805 te.
569 3747 624 3809 Qui
640 3748 738 3803 timetis
753 3747 914 3813 Dominum,
930 3751 1126 3804 mudnteeurn.
1169 3747 1254 3804 Omne
1267 3765 1358 3804 semen

256 3829 345 3886 Jucob
356 3829 511 3903 glorificate
524 3845 594 3884 ειιοι.
630 3828 751 3884 Timeant
764 3845 825 3882 eum
840 3847 919 3884 omne
931 3845 1019 3884 remen
1036 3829 1142 3885 tornet:
1165 3829 1290 3902 quonium
1305 3846 1361 3884 non

257 3911 367 3980 spreuit,
379 3925 464 3981 neque
479 3909 589 3964 moleste
602 3909 666 3963 tulit
679 3910 892 3980 deprecationem
906 3911 1042 3982 pauperie,
1052 3927 1138 3981 neque
1151 3908 1360 3982 avertitfociem

256 4005 334 4041 suom
348 4006 365 4042 ο
379 4007 427 4052 me,
443 3995 469 4043 et
484 4006 565 4060 quum
579 3989 724 4044 clamorem
738 3987 775 4041 uct
788 4005 857 4050 eum,
873 3989 1012 4044 exaudierit
1026 4007 1075 4045 me.
1117 3988 1144 4044 A
1168 3996 1194 4044 te
1215 3989 1277 4043 tuuc
1298 4005 1359 4046 meu

257 4067 284 4119 in
310 4068 421 4122 ecclesio
446 4086 557 4141 munna.
604 4069 673 4122 Votu
695 4085 753 4122 mea
770 4067 881 4123 reddum
902 4069 930 4123 in
954 4076 1094 4144 conspectu
1116 4069 1268 4126 timentium
1288 4085 1359 4124 eunt.

259 4144 402 4198 Comedent
420 4163 562 4218 pauperes,
585 4156 611 4202 et
631 4147 839 4211 saturabuntur,
859 4155 885 4203 et
907 4149 1058 4204 tondebunt
1075 4147 1233 4214 Dominum,
1248 4150 1295 4221 qni
1314 4167 1358 4205 re-

256 4221 365 4290 quirunt
379 4239 437 4275 eum
450 4244 459 4273 .·
481 4226 568 4278 uiuent
583 4227 666 4279 cordo
686 4243 777 4282 eorum
798 4228 826 4282 in
848 4227 975 4284 cuculum
994 4229 1095 4284 secuti.
1141 4229 1361 4284 Reminiuccntur

256 4304 283 4348 et
297 4303 486 4351 convertentur
499 4302 535 4353 ud
550 4301 698 4358 Dominum
721 4322 809 4360 omnes
827 4307 900 4379 finer
923 4315 1009 4376 terrae,
1025 4316 1053 4363 et
1073 4307 1224 4364 udorubnnt
1245 4312 1273 4364 in
1294 4325 1360 4364 con-
