3120 4716
60 257 188 320 -440·
461 254 689 322 DEMONST.
712 259 882 324 EVANG.
898 261 966 324 IX.
986 262 1014 324 8.
1237 262 1298 328 871

203 417 308 520 Κανᾷ
339 421 401 516 τῆς
436 423 632 505 Γαλιλαίας
664 422 853 524 γενόμενον
886 427 944 504 ἐπὶ
982 429 1044 523 τῆς
1075 433 1170 503 ιητοῦ
1206 424 1302 504 οἴνου

199 547 404 642 μεταβολῆς
423 546 600 650 θεσπίζων
619 550 656 626 ἐν
675 553 769 655 ἀρχῇ
788 554 851 650 τῆς
868 553 1088 656 προφητείας
1116 553 1298 652 παρίστη·

199 701 262 747 σιν
290 672 311 748 ὁ
342 669 467 772 παρὼν
495 673 614 775 λύγος,
643 674 809 779 φάσκων,
837 678 927 756 τοῦτο
957 676 1080 782 πρῦτον
1109 681 1179 768 πίε,
1209 673 1302 774 ταχῦ
1313 711 1342 746 10

200 797 298 885 ποίει,
318 796 415 902 χαίροι
433 797 618 889 Ζαβοολῦι
638 811 698 880 καὶ
720 800 767 902 γῗη
793 801 1014 910 Νεφθαλείμ,
1035 805 1218 882 Γαλιλαία
1242 803 1303 882 τιῦν

175 918 298 1002 9ἑθνιῦν.
359 926 404 1002 Ei
423 922 460 1003 δὲ
482 924 673 1024 σύμβολον
691 924 735 1025 ἦν
753 924 796 1007 τδ
812 927 1019 1034 παράδοξον
1037 929 1302 1032 μυστικωτέρου

200 1045 389 1148 κρύματος,
403 1052 690 1149 μεταβληθέντος
709 1054 747 1132 ἐκ
766 1057 829 1152 τῆς
844 1056 1141 1157 σωματικωτέρας
1160 1059 1217 1136 ἐπὶ
1235 1054 1331 1155 τήνδ

200 1173 326 1276 νοερὰν
352 1180 409 1255 καὶ
435 1177 673 1277 πνευματικήν
698 1180 926 1284 εὐφροσύνην
950 1191 1013 1262 τοῦ
1033 1191 1219 1263 ”nummosi
1237 1188 1301 1283 τῆς

200 1305 321 1399 καινῆς
343 1301 511 1403 διαθήκης
540 1303 729 1406 κράματος,
752 1307 818 1408 ὅρα
844 1306 982 1408 μήποτε
1009 1311 1069 1388 καὶ
1095 1319 1201 1389 τοῦτο
1227 1317 1301 1394 τοῖς

197 1431 278 1529 περὶ
306 1433 369 1528 τῆς
396 1433 595 1516 Γαλιλαίας
627 1436 855 1533 δηλουμένοις
887 1436 1094 1522 ἀκολούθως
1125 1439 1297 1542 ᾐνίττετο,

198 1556 376 1660 θεσπίζων
394 1561 441 1642 ὡς
459 1558 529 1661 ἄρα
546 1559 798 1660 μελλήσουσιν
816 1566 874 1642 ἐπὶ
900 1570 946 1669 τῇ
973 1570 1138 1666 Χριστοῦ
1158 1593 1321 1667 nuovo-⁵

198 1683 263 1788 σία
279 1683 477 1784 πρώτιστοι
494 1683 639 1766 πάντων
658 1692 690 1767 οἱ
708 1687 775 1788 τήν
790 1689 990 1784 Ζαβουλὼν
1007 1694 1064 1771 καὶ
1084 1696 1298 1797 Νεφθαλείμ

198 1814 380 1908 οἰκοῦντες,
399 1813 483 1889 ἀλλ’
504 1812 571 1915 οὐχ
598 1819 631 1892 oi
657 1813 723 1912 τὴν
739 1815 915 1894 Ἰουδαίαν
941 1819 999 1895 καὶ
1027 1815 1092 1915 τήν
1108 1816 1294 1917 Ἰερουσα-

197 1933 283 2033 λὴμ,
301 1944 366 2016 τοῦ
392 1935 552 2035 πόματος
582 1947 645 2018 τοῦ
673 1940 906 2042 εῦαγγελικοῦ
932 1941 1157 2046 κηρύγματος
1183 1976 1292 2041 μετα-

159 2104 189 2138 ιο
199 2058 396 2167 λήψεσθαι.
457 2066 583 2144 Atrio
615 2064 651 2144 δὲ
687 2068 824 2151 τούτοις
855 2073 918 2165 τῆς
948 2069 1171 2174 εὐφροσύνης
1202 2073 1296 2175 φησὶ

198 2188 363 2287 γενέσθω
386 2188 451 2290 τὴν
469 2199 532 2270 τοῦ
550 2185 711 2293 μεγάλου
730 2191 850 2299 φωτὸς
868 2194 1061 2300 ἔκλαμψιν,
1080 2194 1114 2274 οἳ
1136 2195 1208 2298 πρὸ
1233 2200 1295 2293 τῆς
1308 2236 1337 2271 ιο

197 2317 397 2420 παρουσίας
428 2321 466 2397 ἐν
493 2317 615 2398 σκότει
643 2319 893 2423 οκαθεᾷίμενοι
924 2324 961 2401 ἐν
989 2322 1091 2429 χώρᾳ
1120 2325 1178 2402 καὶ
1208 2329 1296 2430 σκιᾷ

197 2442 352 2523 θανοίτου
371 2449 507 2546 διῆγον·
537 2445 817 2530 ἀνατεταλκότος
839 2445 878 2526 δὲ
901 2449 1017 2531 αῦτοῖς
1035 2458 1100 2527 τοῦ
1118 2449 1297 2548 σωτηρίου

195 2569 327 2675 φωτὸς,
350 2581 477 2651 τοῦτον
504 2571 815 2678 εὐφρανθήσονται
838 2570 901 2652 τῦν
930 2572 1074 2674 τρόπον,
1101 2578 1149 2659 ὡς
1176 2581 1208 2654 oi
1236 2577 1293 2654 εῦ-

195 2699 424 2802 φραινόμενοι
451 2701 489 2778 ἐν
516 2702 650 2804 οἱμητῷ,
679 2704 737 2779 καὶ
765 2698 806 2779 δν
835 2697 970 2801 τρόπον
998 2705 1031 2779 οἱ
1061 2701 1294 2802 διαιρούμενοι

158 2831 326 2904 ιισκῦλα.
390 2828 461 2905 Καὶ
485 2825 654 2905 τοῦτοδὲ
678 2826 771 2934 ἔργῳ
791 2828 1001 2928 ἐπληροῦτο,
1021 2826 1078 2905 ὅτε
1097 2825 1179 2909 τοῦς
1198 2828 1290 2906 ἀπο·
1303 2857 1333 2920 p·
1343 2855 1409 2918 440

236 2994 259 3026 ¹³
273 2990 321 3042 τοῦ
333 3005 387 3043 om.
404 2989 432 3044 S.
448 2988 494 3044 ubi
509 3005 572 3043 mox
585 2972 634 3057 σημ
647 2987 676 3042 iu
690 3006 774 3060 marg.
881 2995 897 3026 ¹²
910 2986 1045 3060 πιστικοῦ]
1062 2987 1124 3042 vid.
1140 2987 1294 3044 casaubon.

194 3068 223 3121 in
237 3067 335 3122 Boron.
351 3063 408 3144 1123
413 3081 462 3141 37.
546 3077 561 3109 ⁰
576 3071 736 3138 κοτεξόμενοι
751 3069 780 3125 S.

195 3185 274 3243 Cous
289 3186 414 3244 Gelilaeae
428 3187 535 3246 editum
555 3197 599 3246 est
617 3188 685 3245 dum
704 3206 777 3262 aque
794 3189 824 3244 in
838 3187 935 3244 vinum
950 3197 1148 3254 commutetur,
1164 3188 1295 3247 divinans

194 3266 223 3322 iu
245 3267 307 3341 ipso
327 3269 484 3341 prophetie
505 3268 642 3343 principio
663 3287 696 3326 ee
717 3287 779 3342 quae
795 3287 871 3324 nune
890 3277 1028 3326 tractatur
1047 3269 1138 3326 oratio
1152 3269 1295 3343 significet

194 3346 249 3404 illis
263 3347 366 3413 verbis,
380 3349 446 3408 Hoc
464 3351 583 3423 primum
604 3350 669 3415 othe,
684 3349 738 3404 cito
749 3347 813 3423 sor,
829 3349 901 3422 regio
917 3349 1042 3406 Zabulon
1062 3358 1089 3405 et
1110 3358 1186 3406 terro
1201 3349 1294 3424 Neph-

196 3428 301 3496 rtatim,
322 3430 438 3486 Galilaeo
451 3433 585 3503 gentium.
627 3428 713 3491 Quod
727 3428 751 3484 si
765 3428 821 3485 telo
835 3429 1001 3484 miraculum
1015 3438 1083 3485 note
1097 3429 1224 3503 quoedem
1239 3428 1294 3485 fuit

195 3509 346 3566 urcenioris
361 3510 491 3566 mixturae
505 3529 542 3566 ex
552 3529 586 3567 eo
596 3517 786 3574 commutetae,
798 3527 859 3583 quae
870 3508 907 3565 ud
921 3525 1023 3583 eor'pus
1037 3510 1129 3584 magis
1139 3516 1291 3584 spectaret,

195 3587 224 3645 in
248 3589 454 3664 intelligentem
476 3609 510 3647 uo
531 3590 704 3664 spiritualem
729 3588 855 3646 laetitism
880 3587 1033 3664 spectantis
1057 3589 1094 3646 ud
1117 3590 1201 3647 fidem
1227 3588 1292 3646 novi

195 3671 358 3728 testamenti
372 3671 512 3735 mixture,
529 3671 592 3728 vide
605 3690 642 3728 ne
656 3671 710 3728 hoc
724 3670 815 3744 ipsum
830 3689 941 3744 quoque
955 3670 992 3726 ad
1005 3687 1039 3726 eo
1053 3688 1113 3744 quae
1128 3670 1164 3727 de
1175 3669 1293 3726 Gelilaee

196 3749 272 3808 dioto
295 3759 362 3808 suut
385 3752 597 3810 accommodate
623 3750 833 3826 significaverit,
855 3769 960 3808 cuneus
981 3750 1218 3825 quemadmodum
1239 3749 1292 3806 sub

197 3830 305 3889 Christi
319 3832 472 3889 adveutum
486 3833 569 3907 primi
585 3832 713 3889 omnium
727 3831 746 3889 ii
761 3832 807 3906 qui
821 3831 950 3888 Zabulon
964 3851 997 3888 ao
1011 3831 1196 3906 Nephthelim
1211 3831 1292 3887 hebi·

195 3917 299 3978 tarent,
313 3931 371 3971 non
385 3924 480 3970 nutem
494 3912 541 3988 qui
554 3914 572 3970 J
575 3913 684 3970 udaeum
698 3922 728 3970 et
742 3912 929 3978 Hierusalem,
939 3921 1023 3986 potus
1037 3910 1207 3986 evangelice
1221 3929 1292 3985 pree-

196 3992 345 4051 dicutionis
372 3995 523 4069 participes
550 3993 637 4050 futuri
661 4002 765 4050 essent.
807 3993 895 4050 Porro
921 3992 965 4048 his
987 3991 1090 4050 laetitioe
1114 4009 1228 4048 censum
1253 3992 1293 4048 sit

195 4074 282 4133 fuisse
306 4075 431 4152 ingentis
452 4075 524 4132 lucis
547 4074 773 4138 illustrationem,
795 4073 843 4147 qui
867 4073 980 4148 quidem
999 4080 1064 4130 ente
1088 4073 1241 4130 adventum
1263 4073 1293 4129 iu

196 4157 322 4214 tenebris
346 4157 478 4214 sedentes
502 4156 531 4212 in
556 4155 674 4230 regione
699 4164 728 4211 et
754 4153 853 4210 umbra
876 4154 976 4210 mortis
998 4154 1142 4212 sedebunt.
1183 4153 1294 4210 Exorto

195 4247 290 4296 eutem
304 4237 359 4295 illis
373 4237 488 4296 solutari
501 4236 607 4293 lumine
621 4235 661 4292 ite
674 4235 855 4298 letabuntur,
864 4242 896 4291 ut
909 4234 928 4290 ii
943 4233 990 4309 qui
1003 4234 1135 4291 laetentur
1148 4233 1177 4290 iu
1192 4251 1293 4298 messe,

195 4327 281 4394 utque
296 4319 315 4375 ii
330 4319 376 4394 qui
391 4318 521 4376 dividunt
534 4316 633 4392 spolia.
677 4315 750 4372 Haeo
764 4333 832 4372 vero
846 4315 906 4390 ipsu
921 4335 951 4372 re
964 4314 1105 4394 completo
1118 4321 1192 4379 suut,
1208 4331 1294 4387 quum
