3108 4708
258 241 344 308 1000
701 243 889 312 nusnnn
1338 247 1505 332 Μοι-

259 403 276 492 ii
304 399 444 508 κιφιιλλ
470 405 537 486 τοῖς
563 413 643 482 ποσὶ
672 407 786 510 χρείαν
811 403 899 511 diois
924 409 983 485 οῦκ
1010 403 1089 502 ἔχοι,
1116 409 1160 491 ῦς
1188 400 1256 486 οὐδὲ
1281 409 1389 490 ταῖςῑι

218 534 370 632 ςιχιρσὶι
406 537 434 608 oi
472 523 654 634 ὀφθαλμοί.
724 528 829 608 Κατὰ
866 537 955 632 γοῦν
989 530 1072 614 τοῦς
1108 531 1250 634 καιροῦς
1285 537 1359 609 τῶν

257 653 424 752 διωγμῶν
450 649 484 730 εί
509 651 601 733 ποτέ
631 686 711 732 τινα
738 652 829 733 κατὰ
855 659 928 733 τῶν
954 661 1075 752 μελιῦν
1101 663 1167 734 τοῦ
1194 659 1357 756 Χριστοῦ

255 775 346 878 πρὸς
367 784 439 856 τιῦν
465 780 603 882 ἐχθρῶν
627 782 685 859 καὶ
712 781 893 878 πολεμίων
914 783 1101 883 ἐνεργοῖτο,
1119 781 1212 862 εἴποι
1230 777 1275 859 ἂν
1298 783 1355 860 καὶ

254 905 335 1006 περὶ
353 903 470 982 αὐτῶν
488 905 552 983 οῦκ
569 906 720 1007 ἀκαίρως
737 905 790 1001 τὸ,
805 905 928 1014 ῦρνξιιι
944 905 1059 1013 χεῖράς
1072 945 1147 1012 μιν,
1165 919 1225 988 καὶ
1245 903 1377 992 vidais

255 1065 330 1132 μου,
344 1028 553 1138 ἐξηρίθμησαν
565 1031 683 1112 ordire
702 1029 749 1112 τὶ
767 1036 852 1113 icti
869 1071 945 1138 μιν.
986 1039 1081 1114 Adoni
1101 1029 1136 1113 θέ
1158 1035 1354 1128 mettium

216 1161 318 1238 8ιιιαὶ
346 1151 470 1236 ι’πιῖθίι
498 1191 554 1261 μι.
611 1155 768 1236 Τότεδέ
795 1161 852 1236 καὶ
881 1158 1135 1261 &campidona
1161 1157 1208 1237 τῦ
1236 1157 1355 1256 ἱμάτια

256 1283 364 1362 αῦτοῦ
389 1283 534 1380 ἑαυτοῖς,
558 1285 617 1362 καὶ
643 1285 701 1362 ἐπὶ
727 1282 791 1362 τὸν
818 1283 1012 1381 ἱματισμὸν
1038 1285 1146 1364 αι’ποῦ
1170 1282 1355 1378 βάλλουσι

255 1411 399 1510 κλῆρον,
419 1407 478 1488 ὅτε
494 1406 559 1488 τὸν
575 1417 639 1488 τοῦ
664 1408 777 1510 λόγον
802 1407 950 1507 κόσμον,
969 1407 1048 1509 ἤτοι
1065 1407 1130 1492 τὰς
1149 1410 1266 1515 λέξεις
1281 1416 1354 1489 τῶν
1365 1443 1399 1477 ¹0

255 1535 356 1614 θείων
377 1541 540 1640 γραφῶν,
559 1533 692 1616 ἄλλοτε
718 1536 843 1619 ἄλλως
868 1536 1020 1620 ἕκαστος
1037 1539 1251 1642 διαφθείρων
1275 1539 1351 1616 ἑπι-

255 1666 404 1758 σπᾶται,
436 1662 494 1740 καὶ
530 1660 588 1740 ὅτε
621 1660 685 1745 τὰς
717 1665 798 1763 περὶ
834 1662 944 1740 αὐτοῦ
981 1660 1090 1768 δόξας
1120 1661 1353 1767 διαστρόφοις

256 1788 503 1872 διδασκαλίαις
520 1787 854 1885 ἀπολαμβάνουσα,
866 1789 971 1868 ὁποῖα
984 1787 1137 1888 σύνηθες
1149 1795 1224 1871 τοῖς
1239 1789 1378 1872 idioten

255 1913 477 2016 αἱρεσιαίταις
494 1921 618 1995 ποιεῖν.
666 1916 752 1994 Ἐπὶ
775 1921 869 1995 πᾶσι
886 1914 1023 1999 τούτοις
1040 1915 1131 2017 πρὸς
1148 1913 1211 1996 τὸν
1229 1918 1354 1998 ἑαυτοῦ

256 2035 351 2118 Θεὸν
369 2041 427 2118 καὶ
455 2039 587 2141 Κύριον
611 2041 680 2118 παῦ’
693 2038 829 2142 πατέρα
852 2037 919 2138 τὴν
942 2036 1049 2144 εῦχὴν
1070 2042 1256 2125 ἀποτείνας
1274 2043 1350 2123 ε’πι-

256 2163 355 2271 φέρει
379 2165 507 2266 λέγων,
526 2163 567 2246 σῦ
590 2161 637 2255 δὲ,
660 2165 764 2272 Κύριε,
783 2161 830 2268 pii
856 2165 1021 2278 μιιιιρῦνῃς
1038 2165 1091 2260 rii
1108 2166 1256 2261 βοήθειάν
1272 2199 1377 2272 μιαι

217 2291 323 2373 ιιιὩς
340 2288 412 2392 γὰρ
435 2297 482 2374 εἰς
505 2289 624 2394 βραχῦ
648 2295 897 2395 καταλειφθεὶς
921 2288 1011 2394 πρὸς
1034 2291 1102 2391 τὴν
1125 2301 1188 2372 τοῦ
1215 2296 1353 2395 ἀγῶνος

257 2415 434 2522 ἐπίδειξιν,
464 2419 522 2496 καὶ
558 2413 666 2513 μόνος
695 2417 779 2520 δίχα
809 2423 945 2510 βοηθοῦ
977 2416 1068 2520 πρὸς
1098 2417 1163 2498 τὸν
1201 2419 1355 2500 θάνατον

258 2539 537 2638 ἀποδυσάμενος,
568 2541 606 2620 εῦ
642 2541 740 2625 εἰδὼς
768 2540 835 2641 τὴν
864 2542 1033 2642 βοήθειαν
1063 2542 1130 2643 τὴν
1161 2545 1260 2647 παρὰ
1290 2555 1355 2626 τοῦ

256 2665 394 2769 πατρὸς
425 2669 489 2747 οῦκ
521 2669 645 2751 ἅλλοις
675 2670 771 2775 αὐτῷ
798 2668 1042 2770 ογενήσεσθαι
1070 2667 1095 2770 ἢ
1130 2668 1190 2749 διὰ
1222 2675 1284 2770 τῆς
1316 2674 1356 2751 εἰι
1367 2709 1397 2743 10

599 2873 612 2905 ⁰
625 2863 795 2937 γενήσεσθαι]
811 2867 965 2937 γεγενῆσθαι
980 2866 1010 2921 P.

97 3025 163 3117 soor.
174 3037 204 3076 n,
260 3012 370 3066 ἐπαίτιοι
383 3007 512 3066 membro.
557 3007 650 3082 Neque
663 3027 726 3064 vero
744 3014 828 3081 eaput
844 3009 958 3082 pedibus
978 3007 1088 3073 dixerit,
1102 3026 1186 3082 opero
1199 3016 1290 3066 oestro
1303 3027 1356 3064 ιιοιι

260 3089 375 3159 indigeo,
402 3091 472 3144 sicut
499 3105 547 3144 nec
574 3087 699 3144 mnitibus
725 3089 833 3161 quidem
861 3089 940 3144 oculi
998 3086 1058 3144 lilis
1085 3106 1156 3163 ergo
1183 3089 1357 3180 temporibus

261 3165 383 3259 quibus
376 3167 577 3224 insectationes
590 3175 765 3241 grmsantur
781 3167 805 3223 si
826 3186 881 3241 qua
899 3167 973 3224 forte
988 3167 1094 3225 Christi
1111 3168 1239 3224 membre
1252 3169 1310 3225 nb
1302 3169 1355 3224 ini·

261 3247 343 3305 micis
356 3256 440 3322 etque
455 3247 584 3304 hostibus
598 3256 745 3310 vexentur,
760 3266 818 3303 non
834 3247 1031 3321 intempestive
1045 3247 1080 3304 de
1095 3247 1149 3304 illis
1163 3255 1223 3304 tum
1244 3267 1357 3322 quoque

261 3327 373 3393 dixerit,
391 3329 527 3385 Foderunt
547 3346 643 3384 ιιιοιιιιι
663 3345 737 3384 mem
757 3335 783 3383 et
802 3329 886 3400 pedes
905 3346 985 3392 mene,
1004 3328 1246 3384 dinumeraverunt
1267 3331 1357 3385 omnio

261 3427 323 3466 οιςο
336 3426 404 3466 meo.
446 3409 508 3483 Ipsi
527 3415 619 3465 autem
639 3409 925 3470 considerationum
945 3410 1115 3482 ίτιριαατιιιιι
1135 3409 1163 3464 in
1183 3425 1235 3464 me.
1276 3407 1357 3465 Τιιοο

260 3489 346 3546 etium
367 3488 496 3545 dividunt
516 3489 578 3562 ejus
598 3487 767 3544 vestimenta
788 3486 841 3543 sibi
862 3494 891 3544 et
911 3487 940 3542 in
959 3495 1067 3543 vestem
1086 3489 1147 3562 ejus
1163 3496 1268 3543 sortem
1290 3489 1355 3544 mit·

260 3577 333 3634 tunt,
355 3587 440 3643 quum
461 3568 550 3642 ipsios
568 3566 646 3624 verbi
667 3575 807 3630 ornatum,
829 3565 885 3623 hoo
905 3575 956 3632 est,
976 3567 1134 3624 divinarum
1155 3567 1356 3641 scripturarum

260 3668 344 3706 voees
358 3649 428 3706 olins
449 3648 530 3706 eliter
551 3647 740 3721 unusquisque
761 3646 916 3722 corrumpit
929 3655 959 3704 et
971 3647 1085 3712 lecerat,
1099 3647 1167 3704 item
1189 3665 1275 3721 quum
1296 3648 1356 3721 opi·

260 3730 361 3786 niones
381 3729 416 3786 de
437 3727 485 3784 illo
506 3727 646 3802 perversis
667 3726 844 3783 documentis
865 3727 1015 3800 excipiunt,
1031 3727 1188 3800 cujusmodi
1210 3735 1277 3783 sunt
1294 3747 1356 3802 quoe

259 3809 360 3868 nefarii
379 3808 504 3866 haeretioi
524 3808 616 3865 fecere
638 3807 740 3864 solent.
783 3807 851 3865 Post
865 3807 960 3863 omniu
976 3807 1037 3864 hoec
1057 3806 1094 3863 nd
1115 3825 1196 3864 suum
1214 3807 1305 3864 Deum
1327 3817 1358 3864 et

260 3889 417 3947 Dominum
438 3897 468 3946 et
489 3897 598 3963 patrem
620 3887 775 3944 orationem
799 3885 948 3944 intendens
970 3887 1085 3960 subjicit
1100 3886 1179 3952 illud,
1203 3888 1245 3943 Tu
1264 3895 1357 3945 nutem

261 3967 382 4026 Domine
403 3987 436 4026 ιιι
456 3968 554 4043 procui
572 3985 696 4024 ιιαιουοαι
716 3967 850 4023 auo-ilium
871 3985 969 4023 meum.
1013 3965 1159 4040 Siquidem
1173 3976 1307 4041 tanquam
1326 3968 1356 4024 in

260 4055 413 4119 angustum
438 4048 569 4106 reductus
597 4047 634 4104 nd
661 4048 751 4122 ipsum
780 4046 942 4104 certaminis
969 4047 1197 4111 ostentationem,
1227 4057 1257 4104 et
1279 4047 1356 4104 solus

260 4125 366 4196 ubsque
379 4128 508 4198 adjutore
527 4129 662 4185 adversus
680 4135 802 4184 mortem
823 4127 953 4192 nudatus,
969 4146 1055 4200 quum
1076 4127 1160 4200 piene
1180 4135 1355 4218 compertum
1405 4165 1409 4170 -

259 4203 377 4258 haberet
390 4203 524 4258 auxilium
540 4207 592 4261 sibi
606 4225 623 4261 α
637 4215 717 4278 petre
730 4224 789 4262 non
799 4207 881 4263 aliter
891 4207 978 4264 affore
993 4225 1077 4280 quom
1090 4226 1141 4280 per
1148 4207 1355 4264 restitutionem

259 4297 277 4333 ο
298 4287 388 4334 morte
409 4277 445 4332 sd
458 4278 554 4343 vitam,
569 4284 699 4338 merito
692 4303 721 4340 ιιι
741 4287 891 4357 proesentin
909 4296 971 4343 oret
991 4305 1026 4342 ex
1047 4286 1106 4344 acie
1131 4286 1355 4344 adversariorum
