<?xml version="1.0" encoding="UTF-8"?>
<!DOCTYPE html PUBLIC "-//W3C//DTD XHTML 1.0 Transitional//EN"
    "http://www.w3.org/TR/xhtml1/DTD/xhtml1-transitional.dtd">
<html xmlns="http://www.w3.org/1999/xhtml" xml:lang="en" lang="en">
 <head>
  <title>
</title>
<meta http-equiv="Content-Type" content="text/html;charset=utf-8" />
  <meta name='ocr-system' content='tesseract 3.04.00' />
  <meta name='ocr-capabilities' content='ocr_page ocr_carea ocr_par ocr_line ocrx_word'/>
</head>
<body>
  <div class='ocr_page' id='page_1' title='image "./evangelicaedemo00donagoog/evangelicaedemo00donagoog_0101.png"; bbox 0 0 3132 4714; ppageno 0'>
   <div class='ocr_carea' id='block_1_1' title="bbox 247 199 1512 282">
    <p class='ocr_par' dir='ltr' id='par_1_1' title="bbox 247 199 1512 282">
     <span class='ocr_line' id='line_1_1' title="bbox 247 199 1512 282; baseline -0.003 -17"><span class='ocrx_word' id='word_1_1' title='bbox 247 199 312 265; x_wconf 75' lang='grc' dir='ltr'>ωε</span> <span class='ocrx_word' id='word_1_2' title='bbox 694 199 881 265; x_wconf 82' lang='lat' dir='ltr'><strong>nusnnu</strong></span> <span class='ocrx_word' id='word_1_3' title='bbox 1329 199 1512 282; x_wconf 60' lang='grc' dir='ltr'>Μοσ-</span> 
     </span>
    </p>
   </div>
   <div class='ocr_carea' id='block_1_2' title="bbox 188 366 1394 2366">
    <p class='ocr_par' dir='ltr' id='par_1_2' title="bbox 188 366 1394 2366">
     <span class='ocr_line' id='line_1_2' title="bbox 248 366 1349 472; baseline -0.004 -22"><span class='ocrx_word' id='word_1_4' title='bbox 248 374 453 472; x_wconf 72' lang='grc' dir='ltr'>συναγανγεῖν</span> <span class='ocrx_word' id='word_1_5' title='bbox 472 367 589 450; x_wconf 68' lang='grc' dir='ltr'>πάντα</span> <span class='ocrx_word' id='word_1_6' title='bbox 613 367 658 448; x_wconf 72' lang='grc' dir='ltr'>τα</span> <span class='ocrx_word' id='word_1_7' title='bbox 685 366 749 461; x_wconf 78' lang='grc' dir='ltr'>ἔθνη</span> <span class='ocrx_word' id='word_1_8' title='bbox 775 375 835 448; x_wconf 72' lang='grc' dir='ltr'>καὶ</span> <span class='ocrx_word' id='word_1_9' title='bbox 860 367 925 452; x_wconf 69' lang='lat' dir='ltr'><strong>rite</strong></span> <span class='ocrx_word' id='word_1_10' title='bbox 943 367 1129 467; x_wconf 79' lang='grc' dir='ltr'>γλώσσας,</span> <span class='ocrx_word' id='word_1_11' title='bbox 1150 368 1246 468; x_wconf 83' lang='grc' dir='ltr'>ὁρῶν</span> <span class='ocrx_word' id='word_1_12' title='bbox 1267 367 1349 446; x_wconf 83' lang='grc' dir='ltr'>καθ’</span> 
     </span>
     <span class='ocr_line' id='line_1_3' title="bbox 247 491 1351 594; baseline -0.005 -19"><span class='ocrx_word' id='word_1_13' title='bbox 247 493 335 594; x_wconf 79' lang='grc' dir='ltr'>ὅλης</span> <span class='ocrx_word' id='word_1_14' title='bbox 353 499 416 593; x_wconf 73' lang='grc' dir='ltr'>τῆς</span> <span class='ocrx_word' id='word_1_15' title='bbox 434 502 506 574; x_wconf 84' lang='grc' dir='ltr'>τῶν</span> <span class='ocrx_word' id='word_1_16' title='bbox 524 493 722 594; x_wconf 83' lang='grc' dir='ltr'>ἀνθρώπων</span> <span class='ocrx_word' id='word_1_17' title='bbox 736 497 803 594; x_wconf 80' lang='grc' dir='ltr'>γῆς</span> <span class='ocrx_word' id='word_1_18' title='bbox 820 491 880 573; x_wconf 80' lang='grc' dir='ltr'>διδ</span> <span class='ocrx_word' id='word_1_19' title='bbox 898 496 961 589; x_wconf 75' lang='grc' dir='ltr'>τῆς</span> <span class='ocrx_word' id='word_1_20' title='bbox 979 499 1043 571; x_wconf 88' lang='grc' dir='ltr'>τοῦ</span> <span class='ocrx_word' id='word_1_21' title='bbox 1063 495 1231 594; x_wconf 79' lang='grc' dir='ltr'>Σωτῆρος</span> <span class='ocrx_word' id='word_1_22' title='bbox 1250 491 1351 590; x_wconf 86' lang='grc' dir='ltr'>ἡμῶν</span> 
     </span>
     <span class='ocr_line' id='line_1_4' title="bbox 188 615 1393 724; baseline -0.003 -25"><span class='ocrx_word' id='word_1_23' title='bbox 188 625 191 630; x_wconf 77' lang='grc'><strong>’</strong></span> <span class='ocrx_word' id='word_1_24' title='bbox 246 623 370 720; x_wconf 83' lang='grc' dir='ltr'>Ἰησοῦ</span> <span class='ocrx_word' id='word_1_25' title='bbox 388 629 452 703; x_wconf 89' lang='grc' dir='ltr'>τοῦ</span> <span class='ocrx_word' id='word_1_26' title='bbox 469 627 633 724; x_wconf 82' lang='grc' dir='ltr'>Χριστοῦ</span> <span class='ocrx_word' id='word_1_27' title='bbox 650 620 851 724; x_wconf 74' lang='grc' dir='ltr'>παρουσίας</span> <span class='ocrx_word' id='word_1_28' title='bbox 870 653 907 698; x_wconf 86' lang='grc' dir='ltr'>τε</span> <span class='ocrx_word' id='word_1_29' title='bbox 932 621 990 699; x_wconf 82' lang='grc' dir='ltr'>καὶ</span> <span class='ocrx_word' id='word_1_30' title='bbox 1009 617 1175 717; x_wconf 79' lang='grc' dir='ltr'>κλήσεως</span> <span class='ocrx_word' id='word_1_31' title='bbox 1193 615 1258 700; x_wconf 79' lang='grc' dir='ltr'>τὰς</span> <span class='ocrx_word' id='word_1_32' title='bbox 1276 623 1349 696; x_wconf 82' lang='grc' dir='ltr'>τῶν</span> <span class='ocrx_word' id='word_1_33' title='bbox 1364 646 1393 680; x_wconf 82' lang='lat'>¹⁰</span> 
     </span>
     <span class='ocr_line' id='line_1_5' title="bbox 246 745 1382 849; baseline -0.005 -21"><span class='ocrx_word' id='word_1_34' title='bbox 246 749 358 828; x_wconf 81' lang='grc' dir='ltr'>ἐθνῶν</span> <span class='ocrx_word' id='word_1_35' title='bbox 385 746 602 849; x_wconf 78' lang='grc' dir='ltr'>συναγωγὰς</span> <span class='ocrx_word' id='word_1_36' title='bbox 629 747 683 826; x_wconf 79' lang='grc' dir='ltr'>ἐπ’</span> <span class='ocrx_word' id='word_1_37' title='bbox 704 745 878 846; x_wconf 84' lang='grc' dir='ltr'>ὀνόματος</span> <span class='ocrx_word' id='word_1_38' title='bbox 901 753 965 825; x_wconf 87' lang='grc' dir='ltr'>τοῦ</span> <span class='ocrx_word' id='word_1_39' title='bbox 993 749 1159 847; x_wconf 82' lang='grc' dir='ltr'>Χριστοῦ</span> <span class='ocrx_word' id='word_1_40' title='bbox 1186 747 1382 846; x_wconf 67' lang='lat' dir='ltr'>‹rurum-d</span> 
     </span>
     <span class='ocr_line' id='line_1_6' title="bbox 247 868 1346 973; baseline -0.003 -21"><span class='ocrx_word' id='word_1_41' title='bbox 247 874 427 971; x_wconf 77' lang='grc' dir='ltr'>τουμένας,</span> <span class='ocrx_word' id='word_1_42' title='bbox 446 868 511 955; x_wconf 83' lang='grc' dir='ltr'>τάς</span> <span class='ocrx_word' id='word_1_43' title='bbox 527 905 565 950; x_wconf 88' lang='grc' dir='ltr'>τε</span> <span class='ocrx_word' id='word_1_44' title='bbox 584 869 765 973; x_wconf 76' lang='grc' dir='ltr'>γλώσσας</span> <span class='ocrx_word' id='word_1_45' title='bbox 782 868 952 952; x_wconf 75' lang='grc' dir='ltr'>ἁπάντων</span> <span class='ocrx_word' id='word_1_46' title='bbox 969 876 1042 950; x_wconf 87' lang='grc' dir='ltr'>τῶν</span> <span class='ocrx_word' id='word_1_47' title='bbox 1062 872 1176 950; x_wconf 80' lang='grc' dir='ltr'>ἐθνῶν</span> <span class='ocrx_word' id='word_1_48' title='bbox 1198 873 1236 949; x_wconf 83' lang='grc' dir='ltr'>ἐν</span> <span class='ocrx_word' id='word_1_49' title='bbox 1252 903 1346 950; x_wconf 89' lang='grc' dir='ltr'>παν-</span> 
     </span>
     <span class='ocr_line' id='line_1_7' title="bbox 245 995 1350 1099; baseline -0.003 -23"><span class='ocrx_word' id='word_1_50' title='bbox 245 999 357 1082; x_wconf 83' lang='grc' dir='ltr'>τοίαις</span> <span class='ocrx_word' id='word_1_51' title='bbox 382 998 576 1082; x_wconf 77' lang='grc' dir='ltr'>διαλέκτοις</span> <span class='ocrx_word' id='word_1_52' title='bbox 601 997 801 1099; x_wconf 82' lang='grc' dir='ltr'>ἀνθρώπων</span> <span class='ocrx_word' id='word_1_53' title='bbox 827 995 891 1076; x_wconf 82' lang='grc' dir='ltr'>τὸν</span> <span class='ocrx_word' id='word_1_54' title='bbox 917 997 980 1078; x_wconf 77' lang='grc' dir='ltr'>ἕνα</span> <span class='ocrx_word' id='word_1_55' title='bbox 1008 995 1103 1077; x_wconf 81' lang='grc' dir='ltr'>θεὸν</span> <span class='ocrx_word' id='word_1_56' title='bbox 1127 999 1186 1076; x_wconf 82' lang='grc' dir='ltr'>καὶ</span> <span class='ocrx_word' id='word_1_57' title='bbox 1215 995 1350 1098; x_wconf 81' lang='grc' dir='ltr'>Κύρων</span> 
     </span>
     <span class='ocr_line' id='line_1_8' title="bbox 248 1122 1349 1224; baseline 0 -20"><span class='ocrx_word' id='word_1_58' title='bbox 248 1125 551 1224; x_wconf 77' lang='grc' dir='ltr'>ῶτικαλουμένας;</span> <span class='ocrx_word' id='word_1_59' title='bbox 587 1126 657 1203; x_wconf 82' lang='grc' dir='ltr'>Καὶ</span> <span class='ocrx_word' id='word_1_60' title='bbox 676 1126 733 1203; x_wconf 83' lang='grc' dir='ltr'>ἐπὶ</span> <span class='ocrx_word' id='word_1_61' title='bbox 751 1130 844 1203; x_wconf 80' lang='grc' dir='ltr'>πᾶσι</span> <span class='ocrx_word' id='word_1_62' title='bbox 867 1123 906 1203; x_wconf 78' lang='grc' dir='ltr'>δὲ</span> <span class='ocrx_word' id='word_1_63' title='bbox 930 1123 1078 1220; x_wconf 69' lang='grc' dir='ltr'>τούτοις,</span> <span class='ocrx_word' id='word_1_64' title='bbox 1097 1125 1149 1205; x_wconf 83' lang='grc' dir='ltr'>τίς</span> <span class='ocrx_word' id='word_1_65' title='bbox 1176 1122 1349 1222; x_wconf 81' lang='grc' dir='ltr'>θεώμενος</span> 
     </span>
     <span class='ocr_line' id='line_1_9' title="bbox 247 1249 1373 1360; baseline -0.002 -28"><span class='ocrx_word' id='word_1_66' title='bbox 247 1258 299 1360; x_wconf 78' lang='grc' dir='ltr'>τῷ</span> <span class='ocrx_word' id='word_1_67' title='bbox 317 1254 534 1356; x_wconf 84' lang='grc' dir='ltr'>σωτηριώδει</span> <span class='ocrx_word' id='word_1_68' title='bbox 559 1253 696 1359; x_wconf 78' lang='grc' dir='ltr'>σημείῳ</span> <span class='ocrx_word' id='word_1_69' title='bbox 719 1250 856 1336; x_wconf 81' lang='grc' dir='ltr'>πάντας</span> <span class='ocrx_word' id='word_1_70' title='bbox 883 1249 965 1335; x_wconf 84' lang='grc' dir='ltr'>τοῦς</span> <span class='ocrx_word' id='word_1_71' title='bbox 983 1259 1032 1336; x_wconf 80' lang='grc' dir='ltr'>εἰς</span> <span class='ocrx_word' id='word_1_72' title='bbox 1050 1250 1216 1356; x_wconf 78' lang='grc' dir='ltr'>Χριστὸν</span> <span class='ocrx_word' id='word_1_73' title='bbox 1240 1279 1373 1332; x_wconf 70' lang='lat' dir='ltr'><strong>nerra-⁵</strong></span> 
     </span>
     <span class='ocr_line' id='line_1_10' title="bbox 247 1377 1346 1482; baseline -0.002 -24"><span class='ocrx_word' id='word_1_74' title='bbox 247 1377 440 1461; x_wconf 88' lang='grc' dir='ltr'>στευκότας</span> <span class='ocrx_word' id='word_1_75' title='bbox 464 1380 641 1482; x_wconf 85' lang='grc' dir='ltr'>σφραγῖδι</span> <span class='ocrx_word' id='word_1_76' title='bbox 667 1379 879 1482; x_wconf 81' lang='grc' dir='ltr'>χρωμένους,</span> <span class='ocrx_word' id='word_1_77' title='bbox 898 1380 963 1458; x_wconf 86' lang='grc' dir='ltr'>οῦκ</span> <span class='ocrx_word' id='word_1_78' title='bbox 988 1377 1034 1457; x_wconf 79' lang='grc' dir='ltr'>ἂν</span> <span class='ocrx_word' id='word_1_79' title='bbox 1057 1377 1216 1480; x_wconf 88' lang='grc' dir='ltr'>εῦλόγως</span> <span class='ocrx_word' id='word_1_80' title='bbox 1235 1413 1346 1458; x_wconf 88' lang='grc' dir='ltr'>κατα-</span> 
     </span>
     <span class='ocr_line' id='line_1_11' title="bbox 247 1501 1348 1608; baseline -0.004 -22"><span class='ocrx_word' id='word_1_81' title='bbox 247 1505 405 1606; x_wconf 83' lang='grc' dir='ltr'>πλαγείη</span> <span class='ocrx_word' id='word_1_82' title='bbox 434 1504 572 1584; x_wconf 80' lang='grc' dir='ltr'>ἀκούων</span> <span class='ocrx_word' id='word_1_83' title='bbox 598 1503 785 1608; x_wconf 88' lang='grc' dir='ltr'>πρόπαλαι</span> <span class='ocrx_word' id='word_1_84' title='bbox 813 1513 877 1585; x_wconf 84' lang='grc' dir='ltr'>τοῦ</span> <span class='ocrx_word' id='word_1_85' title='bbox 907 1506 1043 1608; x_wconf 84' lang='grc' dir='ltr'>Κυρίου</span> <span class='ocrx_word' id='word_1_86' title='bbox 1069 1501 1259 1606; x_wconf 74' lang='grc' dir='ltr'>εἰρηκότος,</span> <span class='ocrx_word' id='word_1_87' title='bbox 1280 1515 1348 1584; x_wconf 75' lang='grc' dir='ltr'>Καὶ</span> 
     </span>
     <span class='ocr_line' id='line_1_12' title="bbox 248 1625 1348 1738; baseline -0.002 -27"><span class='ocrx_word' id='word_1_88' title='bbox 248 1631 358 1738; x_wconf 71' lang='grc' dir='ltr'>ἥξουσι</span> <span class='ocrx_word' id='word_1_89' title='bbox 388 1638 446 1710; x_wconf 71' lang='grc' dir='ltr'>καὶ</span> <span class='ocrx_word' id='word_1_90' title='bbox 481 1625 625 1735; x_wconf 65' lang='grc' dir='ltr'>ἕψονται</span> <span class='ocrx_word' id='word_1_91' title='bbox 654 1629 708 1722; x_wconf 65' lang='grc' dir='ltr'>την</span> <span class='ocrx_word' id='word_1_92' title='bbox 737 1626 837 1737; x_wconf 70' lang='grc' dir='ltr'>δόξαν</span> <span class='ocrx_word' id='word_1_93' title='bbox 863 1634 940 1736; x_wconf 65' lang='lat' dir='ltr'><strong>proti,</strong></span> <span class='ocrx_word' id='word_1_94' title='bbox 962 1641 1022 1711; x_wconf 74' lang='grc' dir='ltr'>καὶ</span> <span class='ocrx_word' id='word_1_95' title='bbox 1054 1626 1268 1736; x_wconf 61' lang='grc' dir='ltr'>καταλείψω</span> <span class='ocrx_word' id='word_1_96' title='bbox 1295 1631 1348 1709; x_wconf 74' lang='grc' dir='ltr'>ἐπ’</span> 
     </span>
     <span class='ocr_line' id='line_1_13' title="bbox 226 1754 1394 1862; baseline -0.007 -20"><span class='ocrx_word' id='word_1_97' title='bbox 226 1757 354 1842; x_wconf 73' lang='grc' dir='ltr'>ςαῦτῶν</span> <span class='ocrx_word' id='word_1_98' title='bbox 373 1762 524 1862; x_wconf 64' lang='lat' dir='ltr'><strong>ruperim</strong></span> <span class='ocrx_word' id='word_1_99' title='bbox 552 1759 618 1837; x_wconf 87' lang='grc' dir='ltr'>Ἐν</span> <span class='ocrx_word' id='word_1_100' title='bbox 635 1755 730 1859; x_wconf 81' lang='grc' dir='ltr'>με’ρει</span> <span class='ocrx_word' id='word_1_101' title='bbox 747 1755 814 1855; x_wconf 66' lang='grc' dir='ltr'>μὲν</span> <span class='ocrx_word' id='word_1_102' title='bbox 832 1757 895 1836; x_wconf 82' lang='grc' dir='ltr'>οὖν</span> <span class='ocrx_word' id='word_1_103' title='bbox 912 1760 1071 1837; x_wconf 78' lang='grc' dir='ltr'>ἐντεῦθεν</span> <span class='ocrx_word' id='word_1_104' title='bbox 1089 1756 1157 1858; x_wconf 79' lang='grc' dir='ltr'>ἤδη</span> <span class='ocrx_word' id='word_1_105' title='bbox 1175 1755 1267 1836; x_wconf 79' lang='grc' dir='ltr'>κατὰ</span> <span class='ocrx_word' id='word_1_106' title='bbox 1284 1754 1351 1856; x_wconf 87' lang='grc' dir='ltr'>τὴν</span> <span class='ocrx_word' id='word_1_107' title='bbox 1363 1787 1394 1822; x_wconf 84' lang='lat'>10</span> 
     </span>
     <span class='ocr_line' id='line_1_14' title="bbox 248 1882 1352 1986; baseline -0.004 -23"><span class='ocrx_word' id='word_1_108' title='bbox 248 1883 426 1986; x_wconf 76' lang='grc' dir='ltr'>προτέραν</span> <span class='ocrx_word' id='word_1_109' title='bbox 450 1891 515 1961; x_wconf 88' lang='grc' dir='ltr'>τοῦ</span> <span class='ocrx_word' id='word_1_110' title='bbox 539 1886 706 1985; x_wconf 79' lang='grc' dir='ltr'>Σωτῆρος</span> <span class='ocrx_word' id='word_1_111' title='bbox 723 1883 824 1981; x_wconf 80' lang='grc' dir='ltr'>ἡμῶν</span> <span class='ocrx_word' id='word_1_112' title='bbox 850 1887 898 1966; x_wconf 84' lang='grc' dir='ltr'>εἰς</span> <span class='ocrx_word' id='word_1_113' title='bbox 916 1882 1126 1984; x_wconf 78' lang='grc' dir='ltr'>ἀνθρώπους</span> <span class='ocrx_word' id='word_1_114' title='bbox 1144 1882 1352 1986; x_wconf 81' lang='grc' dir='ltr'>ἐπιφάνειαν</span> 
     </span>
     <span class='ocr_line' id='line_1_15' title="bbox 247 2008 1347 2112; baseline -0.005 -20"><span class='ocrx_word' id='word_1_115' title='bbox 247 2008 367 2092; x_wconf 78' lang='grc' dir='ltr'>αὐτοῖς</span> <span class='ocrx_word' id='word_1_116' title='bbox 385 2009 588 2112; x_wconf 82' lang='grc' dir='ltr'>ὀφθαλμοῖς</span> <span class='ocrx_word' id='word_1_117' title='bbox 605 2010 743 2109; x_wconf 86' lang='grc' dir='ltr'>ὁρῶμεν</span> <span class='ocrx_word' id='word_1_118' title='bbox 763 2015 836 2088; x_wconf 86' lang='grc' dir='ltr'>τῶν</span> <span class='ocrx_word' id='word_1_119' title='bbox 854 2009 958 2088; x_wconf 85' lang='grc' dir='ltr'>θείων</span> <span class='ocrx_word' id='word_1_120' title='bbox 980 2014 1157 2112; x_wconf 81' lang='grc' dir='ltr'>χρησμῶν</span> <span class='ocrx_word' id='word_1_121' title='bbox 1182 2008 1229 2087; x_wconf 86' lang='grc' dir='ltr'>τὰ</span> <span class='ocrx_word' id='word_1_122' title='bbox 1255 2011 1347 2088; x_wconf 83' lang='grc' dir='ltr'>ἀπο·</span> 
     </span>
     <span class='ocr_line' id='line_1_16' title="bbox 247 2131 1350 2236; baseline 0 -22"><span class='ocrx_word' id='word_1_123' title='bbox 247 2133 465 2233; x_wconf 75' lang='grc' dir='ltr'>τελέσμοτα·</span> <span class='ocrx_word' id='word_1_124' title='bbox 498 2133 635 2236; x_wconf 75' lang='grc' dir='ltr'>γίνοιτο</span> <span class='ocrx_word' id='word_1_125' title='bbox 662 2135 691 2213; x_wconf 85' lang='grc' dir='ltr'>δ</span> <span class='ocrx_word' id='word_1_126' title='bbox 713 2131 758 2213; x_wconf 79' lang='grc' dir='ltr'>ἂν</span> <span class='ocrx_word' id='word_1_127' title='bbox 782 2137 926 2233; x_wconf 74' lang='grc' dir='ltr'>οἐντελῆ</span> <span class='ocrx_word' id='word_1_128' title='bbox 951 2142 1064 2215; x_wconf 85' lang='grc' dir='ltr'>ταῦτα</span> <span class='ocrx_word' id='word_1_129' title='bbox 1090 2137 1149 2214; x_wconf 82' lang='grc' dir='ltr'>καὶ</span> <span class='ocrx_word' id='word_1_130' title='bbox 1171 2134 1263 2215; x_wconf 78' lang='grc' dir='ltr'>κατὰ</span> <span class='ocrx_word' id='word_1_131' title='bbox 1285 2133 1350 2234; x_wconf 79' lang='grc' dir='ltr'>τὴν</span> 
     </span>
     <span class='ocr_line' id='line_1_17' title="bbox 251 2260 1390 2366; baseline 0.001 -26"><span class='ocrx_word' id='word_1_132' title='bbox 251 2260 415 2364; x_wconf 77' lang='grc' dir='ltr'>δευτέραν</span> <span class='ocrx_word' id='word_1_133' title='bbox 441 2263 498 2340; x_wconf 74' lang='grc' dir='ltr'>καὶ</span> <span class='ocrx_word' id='word_1_134' title='bbox 528 2261 673 2366; x_wconf 78' lang='grc' dir='ltr'>ἔνδοξον</span> <span class='ocrx_word' id='word_1_135' title='bbox 701 2262 809 2342; x_wconf 85' lang='grc' dir='ltr'>αὐτοῦ</span> <span class='ocrx_word' id='word_1_136' title='bbox 836 2264 1049 2365; x_wconf 83' lang='grc' dir='ltr'>παρουσίαν,</span> <span class='ocrx_word' id='word_1_137' title='bbox 1072 2260 1132 2342; x_wconf 81' lang='grc' dir='ltr'>ὅτε</span> <span class='ocrx_word' id='word_1_138' title='bbox 1158 2260 1278 2342; x_wconf 81' lang='grc' dir='ltr'>πάντα</span> <span class='ocrx_word' id='word_1_139' title='bbox 1303 2261 1390 2349; x_wconf 78' lang='grc' dir='ltr'>τῦις</span> 
     </span>
    </p>
   </div>
   <div class='ocr_carea' id='block_1_3' title="bbox 251 2385 1480 2972">
    <p class='ocr_par' dir='ltr' id='par_1_3' title="bbox 251 2385 1480 2746">
     <span class='ocr_line' id='line_1_18' title="bbox 251 2385 1353 2496; baseline 0.002 -29"><span class='ocrx_word' id='word_1_140' title='bbox 251 2387 334 2486; x_wconf 78' lang='grc' dir='ltr'>ἔθνη</span> <span class='ocrx_word' id='word_1_141' title='bbox 360 2385 513 2492; x_wconf 76' lang='grc' dir='ltr'>ὄψονται</span> <span class='ocrx_word' id='word_1_142' title='bbox 540 2387 604 2485; x_wconf 82' lang='grc' dir='ltr'>τὴν</span> <span class='ocrx_word' id='word_1_143' title='bbox 633 2387 744 2494; x_wconf 83' lang='grc' dir='ltr'>δόξαν</span> <span class='ocrx_word' id='word_1_144' title='bbox 768 2388 1098 2494; x_wconf 80' lang='grc' dir='ltr'>αῦτοῦ,ἐ’ρχόμενόν</span> <span class='ocrx_word' id='word_1_145' title='bbox 1116 2423 1155 2469; x_wconf 81' lang='grc' dir='ltr'>τε</span> <span class='ocrx_word' id='word_1_146' title='bbox 1178 2387 1286 2468; x_wconf 82' lang='grc' dir='ltr'>αῦςὸν</span> <span class='ocrx_word' id='word_1_147' title='bbox 1309 2389 1353 2496; x_wconf 78' lang='grc' dir='ltr'>ἐξ</span> 
     </span>
     <span class='ocr_line' id='line_1_19' title="bbox 251 2510 1480 2620; baseline -0.002 -27"><span class='ocrx_word' id='word_1_148' title='bbox 251 2514 411 2615; x_wconf 83' lang='grc' dir='ltr'>οὐρανῶν</span> <span class='ocrx_word' id='word_1_149' title='bbox 425 2510 515 2612; x_wconf 81' lang='grc' dir='ltr'>μετὰ</span> <span class='ocrx_word' id='word_1_150' title='bbox 534 2512 713 2610; x_wconf 82' lang='grc' dir='ltr'>δυνάμεως</span> <span class='ocrx_word' id='word_1_151' title='bbox 734 2517 792 2592; x_wconf 79' lang='grc' dir='ltr'>καὶ</span> <span class='ocrx_word' id='word_1_152' title='bbox 817 2511 925 2620; x_wconf 79' lang='grc' dir='ltr'>δόξης</span> <span class='ocrx_word' id='word_1_153' title='bbox 942 2519 1099 2615; x_wconf 79' lang='grc' dir='ltr'>πολλῆς.</span> <span class='ocrx_word' id='word_1_154' title='bbox 1158 2513 1390 2619; x_wconf 77' lang='grc' dir='ltr'>Ἀναχθείηυ.</span> <span class='ocrx_word' id='word_1_155' title='bbox 1403 2543 1480 2612; x_wconf 86' lang='lat'>307</span> 
     </span>
     <span class='ocr_line' id='line_1_20' title="bbox 252 2636 1348 2746; baseline 0.003 -29"><span class='ocrx_word' id='word_1_156' title='bbox 252 2638 282 2717; x_wconf 85' lang='grc' dir='ltr'>δ</span> <span class='ocrx_word' id='word_1_157' title='bbox 302 2636 347 2718; x_wconf 82' lang='grc' dir='ltr'>ἂν</span> <span class='ocrx_word' id='word_1_158' title='bbox 365 2643 413 2720; x_wconf 81' lang='grc' dir='ltr'>εἰς</span> <span class='ocrx_word' id='word_1_159' title='bbox 429 2639 539 2717; x_wconf 82' lang='grc' dir='ltr'>ἐκεῖνο</span> <span class='ocrx_word' id='word_1_160' title='bbox 557 2645 679 2740; x_wconf 89' lang='grc' dir='ltr'>καιροῦ</span> <span class='ocrx_word' id='word_1_161' title='bbox 700 2639 758 2716; x_wconf 86' lang='grc' dir='ltr'>καὶ</span> <span class='ocrx_word' id='word_1_162' title='bbox 780 2636 825 2718; x_wconf 87' lang='lat' dir='ltr'>roi</span> <span class='ocrx_word' id='word_1_163' title='bbox 848 2638 961 2720; x_wconf 78' lang='grc' dir='ltr'>λοιπὰ</span> <span class='ocrx_word' id='word_1_164' title='bbox 979 2647 1050 2720; x_wconf 88' lang='grc' dir='ltr'>τῶν</span> <span class='ocrx_word' id='word_1_165' title='bbox 1068 2643 1106 2720; x_wconf 84' lang='grc' dir='ltr'>ε’ν</span> <span class='ocrx_word' id='word_1_166' title='bbox 1123 2645 1169 2746; x_wconf 81' lang='grc' dir='ltr'>τῇ</span> <span class='ocrx_word' id='word_1_167' title='bbox 1186 2637 1348 2744; x_wconf 83' lang='grc' dir='ltr'>προρρή-</span> 
     </span>
    </p>

    <p class='ocr_par' dir='ltr' id='par_1_4' title="bbox 254 2764 1351 2972">
     <span class='ocr_line' id='line_1_21' title="bbox 254 2764 1351 2867; baseline 0 -20"><span class='ocrx_word' id='word_1_168' title='bbox 254 2800 312 2847; x_wconf 90' lang='grc' dir='ltr'>σει</span> <span class='ocrx_word' id='word_1_169' title='bbox 349 2764 586 2866; x_wconf 68' lang='grc' dir='ltr'>δηλουμένων,</span> <span class='ocrx_word' id='word_1_170' title='bbox 623 2764 748 2867; x_wconf 81' lang='grc' dir='ltr'>ώσπερ</span> <span class='ocrx_word' id='word_1_171' title='bbox 784 2767 847 2844; x_wconf 82' lang='grc' dir='ltr'>οῦν</span> <span class='ocrx_word' id='word_1_172' title='bbox 883 2765 1120 2867; x_wconf 77' lang='grc' dir='ltr'>συστήσομεν</span> <span class='ocrx_word' id='word_1_173' title='bbox 1155 2767 1247 2846; x_wconf 79' lang='grc' dir='ltr'>κατὰ</span> <span class='ocrx_word' id='word_1_174' title='bbox 1285 2764 1351 2866; x_wconf 83' lang='grc' dir='ltr'>τὴν</span> 
     </span>
     <span class='ocr_line' id='line_1_22' title="bbox 254 2890 583 2972; baseline -0.003 -2"><span class='ocrx_word' id='word_1_175' title='bbox 254 2894 384 2972; x_wconf 81' lang='grc' dir='ltr'>οἰκείαν</span> <span class='ocrx_word' id='word_1_176' title='bbox 403 2890 583 2971; x_wconf 86' lang='grc' dir='ltr'>ῦπόθεσιν.</span> 
     </span>
    </p>
   </div>
   <div class='ocr_carea' id='block_1_4' title="bbox 717 3005 886 3059">
    <p class='ocr_par' dir='ltr' id='par_1_5' title="bbox 717 3005 886 3059">
     <span class='ocr_line' id='line_1_23' title="bbox 717 3005 886 3059; baseline 0 -1"><span class='ocrx_word' id='word_1_177' title='bbox 717 3013 730 3045; x_wconf 72' lang='lat'>⁸</span> <span class='ocrx_word' id='word_1_178' title='bbox 744 3005 842 3059; x_wconf 81' lang='grc' dir='ltr'>ς’ντελεῖ</span> <span class='ocrx_word' id='word_1_179' title='bbox 855 3005 886 3058; x_wconf 86' lang='grc' dir='ltr'>Ρ.</span> 
     </span>
    </p>
   </div>
   <div class='ocr_carea' id='block_1_5' title="bbox 254 3137 1354 4181">
    <p class='ocr_par' dir='ltr' id='par_1_6' title="bbox 254 3137 1354 4181">
     <span class='ocr_line' id='line_1_24' title="bbox 256 3137 1353 3214; baseline 0.004 -20"><span class='ocrx_word' id='word_1_180' title='bbox 256 3137 408 3205; x_wconf 77' lang='lat' dir='ltr'><strong>habitetur,</strong></span> <span class='ocrx_word' id='word_1_181' title='bbox 434 3147 517 3204; x_wconf 80' lang='lat' dir='ltr'><strong>terra,</strong></span> <span class='ocrx_word' id='word_1_182' title='bbox 542 3157 593 3214; x_wconf 90' lang='lat' dir='ltr'>per</span> <span class='ocrx_word' id='word_1_183' title='bbox 617 3137 773 3196; x_wconf 76' lang='lat' dir='ltr'><strong>Salvatoris</strong></span> <span class='ocrx_word' id='word_1_184' title='bbox 799 3139 891 3195; x_wconf 87' lang='lat' dir='ltr'><strong>nostri</strong></span> <span class='ocrx_word' id='word_1_185' title='bbox 912 3139 982 3196; x_wconf 84' lang='lat' dir='ltr'><strong>Jesu</strong></span> <span class='ocrx_word' id='word_1_186' title='bbox 1005 3139 1113 3198; x_wconf 77' lang='lat' dir='ltr'><strong>Christi</strong></span> <span class='ocrx_word' id='word_1_187' title='bbox 1139 3143 1292 3198; x_wconf 77' lang='lat' dir='ltr'><strong>adventurn</strong></span> <span class='ocrx_word' id='word_1_188' title='bbox 1319 3161 1353 3198; x_wconf 84' lang='lat' dir='ltr'>ue</span> 
     </span>
     <span class='ocr_line' id='line_1_25' title="bbox 256 3218 1352 3294; baseline 0.004 -19"><span class='ocrx_word' id='word_1_189' title='bbox 256 3218 435 3275; x_wconf 81' lang='lat' dir='ltr'><strong>vocationem</strong></span> <span class='ocrx_word' id='word_1_190' title='bbox 463 3227 617 3276; x_wconf 83' lang='lat' dir='ltr'><strong>conventus</strong></span> <span class='ocrx_word' id='word_1_191' title='bbox 645 3220 774 3294; x_wconf 84' lang='lat' dir='ltr'><strong>gentium</strong></span> <span class='ocrx_word' id='word_1_192' title='bbox 799 3219 828 3275; x_wconf 92' lang='lat' dir='ltr'>in</span> <span class='ocrx_word' id='word_1_193' title='bbox 853 3219 960 3276; x_wconf 78' lang='lat' dir='ltr'><strong>Christi</strong></span> <span class='ocrx_word' id='word_1_194' title='bbox 986 3220 1102 3278; x_wconf 90' lang='lat' dir='ltr'><strong>nomine</strong></span> <span class='ocrx_word' id='word_1_195' title='bbox 1129 3221 1275 3286; x_wconf 76' lang='lat' dir='ltr'><strong>celebrari,</strong></span> <span class='ocrx_word' id='word_1_196' title='bbox 1299 3222 1352 3278; x_wconf 93' lang='lat' dir='ltr'><strong>lin-</strong></span> 
     </span>
     <span class='ocr_line' id='line_1_26' title="bbox 256 3299 1353 3374; baseline 0.001 -17"><span class='ocrx_word' id='word_1_197' title='bbox 256 3317 383 3374; x_wconf 74' lang='lat' dir='ltr'><strong>guasque</strong></span> <span class='ocrx_word' id='word_1_198' title='bbox 404 3299 529 3356; x_wconf 89' lang='lat' dir='ltr'><strong>omnium</strong></span> <span class='ocrx_word' id='word_1_199' title='bbox 551 3301 696 3356; x_wconf 72' lang='lat' dir='ltr'><strong>nationum</strong></span> <span class='ocrx_word' id='word_1_200' title='bbox 716 3300 794 3356; x_wconf 91' lang='lat' dir='ltr'><strong>omni</strong></span> <span class='ocrx_word' id='word_1_201' title='bbox 814 3319 919 3374; x_wconf 85' lang='lat' dir='ltr'>genere</span> <span class='ocrx_word' id='word_1_202' title='bbox 937 3301 1076 3358; x_wconf 85' lang='lat' dir='ltr'><strong>sermonis</strong></span> <span class='ocrx_word' id='word_1_203' title='bbox 1097 3321 1183 3359; x_wconf 88' lang='lat' dir='ltr'><strong>unum</strong></span> <span class='ocrx_word' id='word_1_204' title='bbox 1205 3303 1297 3359; x_wconf 88' lang='lat' dir='ltr'><strong>Deum</strong></span> <span class='ocrx_word' id='word_1_205' title='bbox 1320 3321 1353 3359; x_wconf 85' lang='lat' dir='ltr'>ue</span> 
     </span>
     <span class='ocr_line' id='line_1_27' title="bbox 255 3380 1353 3457; baseline 0.003 -21"><span class='ocrx_word' id='word_1_206' title='bbox 255 3381 409 3437; x_wconf 88' lang='lat' dir='ltr'><strong>Dominum</strong></span> <span class='ocrx_word' id='word_1_207' title='bbox 420 3380 584 3437; x_wconf 79' lang='lat' dir='ltr'><strong>introcuntes</strong></span> <span class='ocrx_word' id='word_1_208' title='bbox 594 3380 605 3437; x_wconf 84' lang='lat' dir='ltr'><strong>i</strong></span> <span class='ocrx_word' id='word_1_209' title='bbox 620 3381 748 3454; x_wconf 89' lang='lat' dir='ltr'><strong>Denique</strong></span> <span class='ocrx_word' id='word_1_210' title='bbox 762 3390 827 3455; x_wconf 85' lang='lat' dir='ltr'><strong>post</strong></span> <span class='ocrx_word' id='word_1_211' title='bbox 835 3382 930 3438; x_wconf 84' lang='lat' dir='ltr'><strong>omniu</strong></span> <span class='ocrx_word' id='word_1_212' title='bbox 939 3382 1000 3438; x_wconf 82' lang='lat' dir='ltr'>haec</span> <span class='ocrx_word' id='word_1_213' title='bbox 1009 3381 1071 3456; x_wconf 86' lang='lat' dir='ltr'><strong>quis</strong></span> <span class='ocrx_word' id='word_1_214' title='bbox 1080 3382 1232 3457; x_wconf 78' lang='lat' dir='ltr'><strong>inspiciens</strong></span> <span class='ocrx_word' id='word_1_215' title='bbox 1243 3401 1353 3449; x_wconf 81' lang='lat' dir='ltr'><strong>omnes,</strong></span> 
     </span>
     <span class='ocr_line' id='line_1_28' title="bbox 255 3460 1354 3537; baseline 0.002 -19"><span class='ocrx_word' id='word_1_216' title='bbox 255 3461 413 3536; x_wconf 85' lang='lat' dir='ltr'><strong>quicunque</strong></span> <span class='ocrx_word' id='word_1_217' title='bbox 428 3461 456 3517; x_wconf 90' lang='lat' dir='ltr'>in</span> <span class='ocrx_word' id='word_1_218' title='bbox 471 3460 578 3518; x_wconf 84' lang='lat' dir='ltr'><strong>Christi</strong></span> <span class='ocrx_word' id='word_1_219' title='bbox 596 3462 681 3517; x_wconf 87' lang='lat' dir='ltr'><strong>fidem</strong></span> <span class='ocrx_word' id='word_1_220' title='bbox 695 3468 843 3526; x_wconf 82' lang='lat' dir='ltr'><strong>venerunt,</strong></span> <span class='ocrx_word' id='word_1_221' title='bbox 859 3461 975 3518; x_wconf 79' lang='lat' dir='ltr'><strong>soluturi</strong></span> <span class='ocrx_word' id='word_1_222' title='bbox 996 3461 1078 3536; x_wconf 82' lang='lat' dir='ltr'><strong>signo</strong></span> <span class='ocrx_word' id='word_1_223' title='bbox 1095 3482 1147 3537; x_wconf 93' lang='lat' dir='ltr'>pro</span> <span class='ocrx_word' id='word_1_224' title='bbox 1168 3463 1265 3519; x_wconf 82' lang='lat' dir='ltr'><strong>annuli</strong></span> <span class='ocrx_word' id='word_1_225' title='bbox 1284 3473 1354 3520; x_wconf 85' lang='lat' dir='ltr'><strong>notu</strong></span> 
     </span>
     <span class='ocr_line' id='line_1_29' title="bbox 256 3541 1352 3617; baseline 0 -17"><span class='ocrx_word' id='word_1_226' title='bbox 256 3551 377 3608; x_wconf 83' lang='lat' dir='ltr'><strong>utentes,</strong></span> <span class='ocrx_word' id='word_1_227' title='bbox 393 3561 450 3599; x_wconf 92' lang='lat' dir='ltr'>non</span> <span class='ocrx_word' id='word_1_228' title='bbox 465 3543 566 3599; x_wconf 88' lang='lat' dir='ltr'><strong>merito</strong></span> <span class='ocrx_word' id='word_1_229' title='bbox 580 3542 769 3615; x_wconf 78' lang='lat' dir='ltr'><strong>obstupescat,</strong></span> <span class='ocrx_word' id='word_1_230' title='bbox 780 3541 804 3597; x_wconf 78' lang='lat' dir='ltr'>ei</span> <span class='ocrx_word' id='word_1_231' title='bbox 814 3541 909 3598; x_wconf 86' lang='lat' dir='ltr'><strong>uudiut</strong></span> <span class='ocrx_word' id='word_1_232' title='bbox 919 3551 1001 3599; x_wconf 83' lang='lat' dir='ltr'><strong>tanto</strong></span> <span class='ocrx_word' id='word_1_233' title='bbox 1015 3550 1081 3599; x_wconf 89' lang='lat' dir='ltr'><strong>unte</strong></span> <span class='ocrx_word' id='word_1_234' title='bbox 1092 3543 1182 3617; x_wconf 82' lang='lat' dir='ltr'><strong>ipsum</strong></span> <span class='ocrx_word' id='word_1_235' title='bbox 1195 3543 1352 3600; x_wconf 89' lang='lat' dir='ltr'><strong>Dominum</strong></span> 
     </span>
     <span class='ocr_line' id='line_1_30' title="bbox 255 3621 1353 3698; baseline 0.001 -18"><span class='ocrx_word' id='word_1_236' title='bbox 255 3623 370 3689; x_wconf 81' lang='lat' dir='ltr'>dixisse,</span> <span class='ocrx_word' id='word_1_237' title='bbox 395 3625 432 3680; x_wconf 84' lang='lat' dir='ltr'>Et</span> <span class='ocrx_word' id='word_1_238' title='bbox 456 3626 561 3680; x_wconf 80' lang='lat' dir='ltr'><strong>uenient</strong></span> <span class='ocrx_word' id='word_1_239' title='bbox 584 3631 611 3679; x_wconf 86' lang='lat' dir='ltr'>et</span> <span class='ocrx_word' id='word_1_240' title='bbox 632 3621 757 3678; x_wconf 77' lang='lat' dir='ltr'><strong>videbunt</strong></span> <span class='ocrx_word' id='word_1_241' title='bbox 780 3623 897 3696; x_wconf 75' lang='lat' dir='ltr'><strong>plurium</strong></span> <span class='ocrx_word' id='word_1_242' title='bbox 921 3641 1018 3688; x_wconf 83' lang='lat' dir='ltr'><strong>meum,</strong></span> <span class='ocrx_word' id='word_1_243' title='bbox 1039 3631 1066 3680; x_wconf 83' lang='lat' dir='ltr'>et</span> <span class='ocrx_word' id='word_1_244' title='bbox 1089 3625 1237 3698; x_wconf 81' lang='lat' dir='ltr'><strong>relinquam</strong></span> <span class='ocrx_word' id='word_1_245' title='bbox 1263 3625 1290 3680; x_wconf 81' lang='grc' dir='ltr'>ἱιι</span> <span class='ocrx_word' id='word_1_246' title='bbox 1314 3626 1353 3680; x_wconf 84' lang='lat' dir='ltr'>eir</span> 
     </span>
     <span class='ocr_line' id='line_1_31' title="bbox 254 3702 1351 3778; baseline 0.001 -19"><span class='ocrx_word' id='word_1_247' title='bbox 254 3706 388 3778; x_wconf 76' lang='lat' dir='ltr'><strong>riguum?</strong></span> <span class='ocrx_word' id='word_1_248' title='bbox 407 3703 472 3760; x_wconf 83' lang='lat' dir='ltr'>Jum</span> <span class='ocrx_word' id='word_1_249' title='bbox 494 3702 560 3760; x_wconf 89' lang='lat' dir='ltr'><strong>inde</strong></span> <span class='ocrx_word' id='word_1_250' title='bbox 581 3703 668 3777; x_wconf 83' lang='lat' dir='ltr'><strong>igitur</strong></span> <span class='ocrx_word' id='word_1_251' title='bbox 687 3703 787 3758; x_wconf 73' lang='lat' dir='ltr'><strong>saltem</strong></span> <span class='ocrx_word' id='word_1_252' title='bbox 805 3703 835 3758; x_wconf 94' lang='lat' dir='ltr'>in</span> <span class='ocrx_word' id='word_1_253' title='bbox 852 3710 931 3777; x_wconf 81' lang='lat' dir='ltr'><strong>purte</strong></span> <span class='ocrx_word' id='word_1_254' title='bbox 946 3703 1099 3760; x_wconf 78' lang='lat' dir='ltr'><strong>secundum</strong></span> <span class='ocrx_word' id='word_1_255' title='bbox 1114 3705 1237 3778; x_wconf 83' lang='lat' dir='ltr'><strong>priorem</strong></span> <span class='ocrx_word' id='word_1_256' title='bbox 1252 3703 1351 3760; x_wconf 78' lang='lat' dir='ltr'><strong>Seiro-</strong></span> 
     </span>
     <span class='ocr_line' id='line_1_32' title="bbox 255 3783 1352 3858; baseline 0.001 -18"><span class='ocrx_word' id='word_1_257' title='bbox 255 3785 326 3841; x_wconf 82' lang='lat' dir='ltr'><strong>toris</strong></span> <span class='ocrx_word' id='word_1_258' title='bbox 347 3784 436 3841; x_wconf 84' lang='lat' dir='ltr'><strong>nostri</strong></span> <span class='ocrx_word' id='word_1_259' title='bbox 457 3783 493 3840; x_wconf 86' lang='lat' dir='ltr'>ud</span> <span class='ocrx_word' id='word_1_260' title='bbox 513 3783 643 3840; x_wconf 87' lang='lat' dir='ltr'><strong>homines</strong></span> <span class='ocrx_word' id='word_1_261' title='bbox 664 3783 816 3839; x_wconf 82' lang='lat' dir='ltr'><strong>adventum</strong></span> <span class='ocrx_word' id='word_1_262' title='bbox 838 3783 906 3858; x_wconf 85' lang='lat' dir='ltr'><strong>ipsis</strong></span> <span class='ocrx_word' id='word_1_263' title='bbox 926 3783 1015 3840; x_wconf 87' lang='lat' dir='ltr'><strong>oeulis</strong></span> <span class='ocrx_word' id='word_1_264' title='bbox 1033 3783 1176 3840; x_wconf 88' lang='lat' dir='ltr'><strong>intuemur</strong></span> <span class='ocrx_word' id='word_1_265' title='bbox 1193 3784 1352 3840; x_wconf 86' lang='lat' dir='ltr'><strong>divinorum</strong></span> 
     </span>
     <span class='ocr_line' id='line_1_33' title="bbox 255 3862 1352 3938; baseline 0 -18"><span class='ocrx_word' id='word_1_266' title='bbox 255 3863 432 3920; x_wconf 77' lang='lat' dir='ltr'><strong>oraculorum</strong></span> <span class='ocrx_word' id='word_1_267' title='bbox 455 3872 565 3921; x_wconf 83' lang='lat' dir='ltr'><strong>eventa.</strong></span> <span class='ocrx_word' id='word_1_268' title='bbox 608 3865 750 3920; x_wconf 81' lang='lat' dir='ltr'><strong>Caeterum</strong></span> <span class='ocrx_word' id='word_1_269' title='bbox 774 3862 873 3920; x_wconf 83' lang='lat' dir='ltr'><strong>endem</strong></span> <span class='ocrx_word' id='word_1_270' title='bbox 897 3863 958 3920; x_wconf 76' lang='lat' dir='ltr'>hmo</span> <span class='ocrx_word' id='word_1_271' title='bbox 982 3863 1093 3938; x_wconf 81' lang='lat' dir='ltr'><strong>plenius</strong></span> <span class='ocrx_word' id='word_1_272' title='bbox 1117 3864 1298 3921; x_wconf 75' lang='lat' dir='ltr'><strong>absolventur</strong></span> <span class='ocrx_word' id='word_1_273' title='bbox 1323 3865 1352 3920; x_wconf 91' lang='lat' dir='ltr'>iu</span> 
     </span>
     <span class='ocr_line' id='line_1_34' title="bbox 256 3941 1352 4019; baseline 0 -19"><span class='ocrx_word' id='word_1_274' title='bbox 256 3944 381 4000; x_wconf 78' lang='lat' dir='ltr'><strong>secundo</strong></span> <span class='ocrx_word' id='word_1_275' title='bbox 395 3953 423 4000; x_wconf 90' lang='lat' dir='ltr'>et</span> <span class='ocrx_word' id='word_1_276' title='bbox 437 3945 561 4018; x_wconf 77' lang='lat' dir='ltr'><strong>glorioso</strong></span> <span class='ocrx_word' id='word_1_277' title='bbox 575 3943 702 4017; x_wconf 84' lang='lat' dir='ltr'><strong>ejusdem</strong></span> <span class='ocrx_word' id='word_1_278' title='bbox 716 3941 848 4009; x_wconf 77' lang='lat' dir='ltr'><strong>adventu,</strong></span> <span class='ocrx_word' id='word_1_279' title='bbox 862 3944 975 4018; x_wconf 78' lang='lat' dir='ltr'><strong>quondo</strong></span> <span class='ocrx_word' id='word_1_280' title='bbox 990 3962 1089 4000; x_wconf 87' lang='lat' dir='ltr'><strong>onmes</strong></span> <span class='ocrx_word' id='word_1_281' title='bbox 1102 3953 1203 4019; x_wconf 84' lang='lat' dir='ltr'><strong>gentes</strong></span> <span class='ocrx_word' id='word_1_282' title='bbox 1216 3944 1352 4001; x_wconf 85' lang='lat' dir='ltr'><strong>videbunt</strong></span> 
     </span>
     <span class='ocr_line' id='line_1_35' title="bbox 256 4023 1352 4099; baseline 0 -19"><span class='ocrx_word' id='word_1_283' title='bbox 256 4023 376 4099; x_wconf 82' lang='lat' dir='ltr'><strong>glorium</strong></span> <span class='ocrx_word' id='word_1_284' title='bbox 395 4025 456 4098; x_wconf 87' lang='lat' dir='ltr'><strong>ejus</strong></span> <span class='ocrx_word' id='word_1_285' title='bbox 475 4025 689 4099; x_wconf 83' lang='lat' dir='ltr'><strong>venientemque</strong></span> <span class='ocrx_word' id='word_1_286' title='bbox 706 4023 798 4098; x_wconf 82' lang='lat' dir='ltr'><strong>ipsum</strong></span> <span class='ocrx_word' id='word_1_287' title='bbox 820 4024 856 4081; x_wconf 90' lang='lat' dir='ltr'>de</span> <span class='ocrx_word' id='word_1_288' title='bbox 876 4024 948 4082; x_wconf 84' lang='lat' dir='ltr'><strong>coelo</strong></span> <span class='ocrx_word' id='word_1_289' title='bbox 969 4043 1033 4082; x_wconf 87' lang='lat' dir='ltr'><strong>curn</strong></span> <span class='ocrx_word' id='word_1_290' title='bbox 1053 4032 1194 4098; x_wconf 77' lang='lat' dir='ltr'><strong>potestate</strong></span> <span class='ocrx_word' id='word_1_291' title='bbox 1211 4033 1240 4082; x_wconf 92' lang='lat' dir='ltr'>et</span> <span class='ocrx_word' id='word_1_292' title='bbox 1260 4025 1352 4098; x_wconf 80' lang='lat' dir='ltr'><strong>glorie</strong></span> 
     </span>
     <span class='ocr_line' id='line_1_36' title="bbox 256 4104 1351 4181; baseline 0 -21"><span class='ocrx_word' id='word_1_293' title='bbox 256 4104 353 4160; x_wconf 72' lang='lat' dir='ltr'><strong>multe</strong></span> <span class='ocrx_word' id='word_1_294' title='bbox 396 4104 504 4160; x_wconf 86' lang='lat' dir='ltr'><strong>Referri</strong></span> <span class='ocrx_word' id='word_1_295' title='bbox 519 4122 585 4160; x_wconf 83' lang='lat' dir='ltr'><strong>vero</strong></span> <span class='ocrx_word' id='word_1_296' title='bbox 600 4106 636 4160; x_wconf 84' lang='lat' dir='ltr'>ud</span> <span class='ocrx_word' id='word_1_297' title='bbox 649 4104 718 4160; x_wconf 91' lang='lat' dir='ltr'><strong>illud</strong></span> <span class='ocrx_word' id='word_1_298' title='bbox 731 4113 843 4179; x_wconf 84' lang='lat' dir='ltr'><strong>ternpus</strong></span> <span class='ocrx_word' id='word_1_299' title='bbox 856 4105 941 4162; x_wconf 79' lang='lat' dir='ltr'><strong>etiem</strong></span> <span class='ocrx_word' id='word_1_300' title='bbox 956 4104 1062 4179; x_wconf 81' lang='lat' dir='ltr'><strong>reliqua</strong></span> <span class='ocrx_word' id='word_1_301' title='bbox 1081 4114 1223 4181; x_wconf 88' lang='lat' dir='ltr'><strong>poterunt,</strong></span> <span class='ocrx_word' id='word_1_302' title='bbox 1240 4123 1301 4179; x_wconf 81' lang='lat' dir='ltr'><strong>qure</strong></span> <span class='ocrx_word' id='word_1_303' title='bbox 1322 4104 1351 4160; x_wconf 89' lang='lat' dir='ltr'>in</span> 
     </span>
    </p>
   </div>
   <div class='ocr_carea' id='block_1_6' title="bbox 256 4181 1351 4332">
    <p class='ocr_par' dir='ltr' id='par_1_7' title="bbox 256 4181 1351 4332">
     <span class='ocr_line' id='line_1_37' title="bbox 256 4181 1351 4259; baseline 0.002 -21"><span class='ocrx_word' id='word_1_304' title='bbox 256 4183 319 4254; x_wconf 84' lang='lat' dir='ltr'><strong>ipso</strong></span> <span class='ocrx_word' id='word_1_305' title='bbox 332 4183 446 4238; x_wconf 79' lang='lat' dir='ltr'><strong>oraculo</strong></span> <span class='ocrx_word' id='word_1_306' title='bbox 461 4181 594 4254; x_wconf 78' lang='lat' dir='ltr'><strong>proedicto</strong></span> <span class='ocrx_word' id='word_1_307' title='bbox 607 4193 682 4247; x_wconf 82' lang='lat' dir='ltr'><strong>sunt,</strong></span> <span class='ocrx_word' id='word_1_308' title='bbox 697 4184 932 4256; x_wconf 77' lang='lat' dir='ltr'><strong>quemadmodum</strong></span> <span class='ocrx_word' id='word_1_309' title='bbox 946 4185 1058 4258; x_wconf 82' lang='lat' dir='ltr'><strong>quidem</strong></span> <span class='ocrx_word' id='word_1_310' title='bbox 1073 4203 1126 4242; x_wconf 84' lang='lat' dir='ltr'>nos</span> <span class='ocrx_word' id='word_1_311' title='bbox 1139 4185 1252 4259; x_wconf 88' lang='lat' dir='ltr'><strong>proprio</strong></span> <span class='ocrx_word' id='word_1_312' title='bbox 1267 4193 1351 4259; x_wconf 82' lang='lat' dir='ltr'><strong>utque</strong></span> 
     </span>
     <span class='ocr_line' id='line_1_38' title="bbox 257 4259 857 4332; baseline 0.007 -17"><span class='ocrx_word' id='word_1_313' title='bbox 257 4259 322 4316; x_wconf 87' lang='lat' dir='ltr'><strong>huic</strong></span> <span class='ocrx_word' id='word_1_314' title='bbox 337 4261 377 4316; x_wconf 90' lang='lat' dir='ltr'>rei</span> <span class='ocrx_word' id='word_1_315' title='bbox 392 4261 485 4315; x_wconf 79' lang='lat' dir='ltr'><strong>diceto</strong></span> <span class='ocrx_word' id='word_1_316' title='bbox 499 4277 583 4332; x_wconf 86' lang='lat' dir='ltr'><strong>opere</strong></span> <span class='ocrx_word' id='word_1_317' title='bbox 598 4262 737 4318; x_wconf 80' lang='lat' dir='ltr'><strong>ostensuri</strong></span> <span class='ocrx_word' id='word_1_318' title='bbox 752 4280 857 4319; x_wconf 82' lang='lat' dir='ltr'><strong>sumus.</strong></span> 
     </span>
    </p>
   </div>
   <div class='ocr_carea' id='block_1_7' title="bbox 0 0 1579 4714">
    <p class='ocr_par' dir='ltr' id='par_1_8' title="bbox 0 0 1579 4714">
     <span class='ocr_line' id='line_1_39' title="bbox 0 0 1579 4714; baseline 0 0"><span class='ocrx_word' id='word_1_319' title='bbox 0 0 1579 4714; x_wconf 95' lang='lat' dir='ltr'> </span> 
     </span>
    </p>
   </div>
  </div>
 </body>
</html>
