3132 4714
257 261 323 327 aaa
704 261 891 328 nnsnnn
1333 277 1510 346 p.311—

219 429 328 534 ιογᾶρ
347 429 393 510 τὰ
412 434 587 538 Σεραφὶμ,
606 429 692 540 ιἰρχῆ
716 435 888 537 στίματος
907 429 1023 512 αύτίίι.
1081 435 1247 510 Τοιαῦται
1265 426 1303 508 δὲ
1322 432 1356 508 οἱ

255 561 438 663 προφῆται
457 560 516 637 καὶ
529 553 742 649 ἀπόστολοι,
753 553 804 637 ὧν
817 555 876 637 διὰ
890 565 954 636 τοῦ
969 553 1151 654 στόματος
1168 556 1191 655 ἡ
1210 554 1355 660 ἀπαρχὴ
1366 590 1396 625 ιο

255 683 381 785 γέγονε
409 690 474 762 τοῦ
501 685 682 787 σωτηρίου
712 683 948 786 κηρύγματος,
979 681 1035 761 διὸ
1067 681 1197 782 ταύτης
1230 683 1385 786 ε”τυχονυ

256 812 320 908 τῆς
335 811 592 914 προσηγορίας,
614 813 683 896 Pola
700 812 758 889 καὶ
777 819 840 889 τοῦ
858 809 962 910 ἁγίου
979 807 1178 908 πνεύματος
1196 811 1233 887 αἱ
1251 806 1354 887 δυνά·
1395 825 1398 830 ’

256 968 332 1032 μεις
368 933 532 1042 πτίρνγιτ
574 935 834 1036 ὠνομασμέναι,
870 934 917 1014 τὰ
952 934 1017 1034 μὲν
1052 942 1179 1038 πρῶτα
1215 938 1273 1014 καὶ
1308 933 1356 1014 τὰ

258 1063 397 1142 ὕστατα
424 1065 488 1161 τῆς
514 1069 579 1142 τοῦ
603 1067 699 1142 Θεοῦ
722 1061 844 1164 Λόγου
871 1060 1040 1161 γνώσεως
1068 1059 1353 1163 ἐπικρύπτουσιν,

257 1189 306 1270 ὡς
338 1189 495 1292 Ἷᾶρρητα
527 1192 585 1268 καὶ
615 1185 852 1288 ἀκατάληπτα
881 1185 967 1267 ὄντα
996 1185 1062 1288 τὴν
1092 1186 1215 1293 φύσιν,
1240 1184 1287 1265 τὰ
1316 1186 1376 1266 δὲ5

256 1312 353 1410 με’σα
382 1317 445 1413 τῆς
475 1316 554 1416 περὶ
585 1315 694 1393 αὐτοῦ
726 1315 924 1414 οἰκονομίας
953 1313 1195 1420 ἐκφαίνουσα,
1227 1311 1282 1392 ὅτι
1310 1311 1356 1407 δὴ

255 1437 348 1536 μύνα
365 1439 515 1542 γνωστὰ
532 1449 645 1520 ταῦτα
666 1439 867 1543 ἀνθρώπων
886 1438 1005 1546 φύσει,
1023 1447 1097 1519 τῶν
1114 1440 1272 1520 ἐπέκεινα
1296 1441 1356 1517 καὶ

218 1591 245 1626 ¹¹
255 1570 328 1643 τῶν
344 1564 435 1663 μετὰ
452 1575 565 1646 ταῦτα
584 1568 622 1647 ἐν
634 1564 847 1670 ἀπορρήτοις
864 1565 1125 1668 σεσιγημένου.
1159 1568 1233 1644 Καὶ
1250 1563 1354 1644 δυνά-

253 1724 330 1789 μεις
348 1691 387 1771 δὲ
405 1698 495 1772 θεῖαι
513 1695 571 1773 καὶ
589 1690 744 1795 ούρύνιοι
763 1690 831 1773 εἶεν
849 1691 894 1772 ἂν
916 1691 975 1772 διὰ
993 1699 1082 1772 ΙΓτῶν
1101 1695 1268 1797 Σεραφὶμ
1286 1695 1349 1790 δη-
1364 1719 1396 1755 ¹0

254 1815 436 1915 λούμεναι,
454 1816 544 1898 καθὸ
567 1817 693 1921 ἕτεροις
717 1818 763 1898 τὰ
788 1821 953 1924 Σεραφὶμ
976 1816 1199 1920 ἑρμηνεύεται
1221 1817 1352 1920 ε’ρνπρη·

255 1946 347 2046 σμοί.
406 1943 477 2023 Διὸ
503 1943 646 2046 εἰρητιιι,
672 1955 688 2026 ί
713 1945 815 2027 ποιῶν
840 1943 914 2030 τούς
935 1943 1112 2047 ιἰγγίλους
1135 1945 1235 2023 αύτοῦ
1258 1939 1380 2023 πνεύ-ιι

217 2096 367 2172 Ιοριοιτα,
390 2075 449 2148 καὶ
469 2067 543 2154 τοὺς
561 2069 767 2176 λειτουργοὺς
787 2071 885 2148 αὐτού
899 2069 1001 2176 arapha
1019 2069 1158 2174 φλίγα.
1216 2065 1355 2170 Κεκρύ-

252 2225 343 2295 γασι
371 2192 408 2274 δὲ
435 2194 532 2274 or‘rror
559 2198 618 2276 καὶ
644 2201 784 2291 βοῶσιν
809 2196 925 2298 ἕτερος
954 2201 1007 2302 τῷ
1035 2194 1141 2301 ἑτερηι
1170 2190 1262 2273 κατὰ
1288 2191 1356 2292 τὴν

251 2320 380 2399 οἰκείαν
403 2320 562 2420 δύναμιν,
580 2320 648 2420 τὴν
670 2318 842 2422 ἁγιότητα
864 2327 930 2400 τοῦ
952 2317 1234 2419 θεολογουμένου
1255 2351 1350 2421 παρ·

253 2451 433 2545 ιστῶντεσ,
452 2450 511 2527 καὶ
535 2446 578 2527 τύ
603 2481 646 2549 γε
669 2448 813 2527 πάντων
831 2444 1124 2552 παραδοξότατον
1142 2449 1378 2546 θεολογῶν-κ

253 2605 321 2670 τες,
340 2573 415 2653 ’ὅτι
436 2573 480 2674 δὴ
501 2571 553 2674 μὴ
571 2574 698 2674 ιμόνον
715 2571 863 2676 stipanda
881 2575 940 2652 καὶ
958 2570 1005 2651 τὰ
1024 2575 1064 2652 ἐν
1081 2573 1220 2676 ούριινῷ
1237 2570 1357 2651 πάντα

295 2731 375 2807 adv]
393 2736 428 2793 irs
443 2737 470 2792 S.
485 2745 513 2791 et
527 2737 565 2792 sic
578 2737 719 2808 interpres.
816 2731 927 2806 ιΙύρηιίι
942 2734 969 2788 S.
1073 2733 1129 2786 ῑτὸ
1143 2732 1262 2803 σεριιφὶμ
1275 2733 1355 2803 ίρμη-

254 2817 386 2890 νεύεσθαι]
403 2822 455 2872 τίον
469 2819 586 2890 σεροφὶμ
600 2815 762 2885 δηλούμενα,
776 2809 839 2870 καθὸ
852 2813 945 2886 ἑτέροιο
957 2814 991 2869 τὰ
1014 2815 1133 2886 σεραφίμ
1146 2810 1308 2884 ἑρμηνεύεται
1322 2812 1354 2868 Ρ.

254 2899 337 2971 1ὅτι]
352 2897 393 2952 ὅτι
406 2899 438 2968 δὴ
453 2897 481 2954 S.
563 2895 678 2968 ῑμύνοτ]
694 2898 772 2966 μόνον
783 2895 814 2950 Ρ.

254 3043 469 3117 apostoloram?
492 3061 559 3098 nam
578 3039 729 3116 Seraphim
753 3039 778 3096 si
802 3038 1005 3114 interpreteris,
1026 3038 1136 3094 initiam
1158 3037 1214 3094 oris
1237 3039 1356 3111 ipsorum

254 3122 361 3178 audias.
403 3122 487 3178 Tales
501 3137 571 3178 vero
591 3129 621 3178 et
641 3120 788 3198 prophetae
808 3126 838 3176 et
855 3119 986 3193 apostoli,
1000 3136 1051 3192 per
1068 3136 1189 3192 qnorum
1209 3135 1250 3182 os,
1266 3117 1357 3174 instar

254 3201 449 3278 primitiarum,
463 3201 574 3258 initium
596 3201 727 3259 salutaris
747 3199 957 3278 predicationis
977 3199 1083 3255 factum
1105 3209 1160 3262 est,
1175 3215 1211 3254 ex
1230 3215 1286 3272 qno
1305 3215 1354 3272 ap-

254 3282 435 3358 pellationem
453 3281 527 3339 hanc
548 3282 641 3338 sortiti
664 3289 738 3345 sunt,
754 3281 827 3337 sicut
840 3280 927 3336 etiam
946 3279 1037 3335 sancti
1056 3277 1171 3352 spiritns
1190 3285 1355 3351 potestates,

255 3381 317 3436 qnae
341 3364 394 3420 οἱα
417 3363 570 3420 nominatae
595 3370 670 3428 sant,
696 3361 801 3436 primns
823 3361 937 3435 quidem
962 3367 1046 3434 atque
1068 3365 1211 3415 extremas
1234 3358 1269 3414 de
1292 3357 1356 3414 Deo

254 3443 352 3501 Verbo
379 3443 487 3500 notitiae
510 3451 605 3518 partes
633 3442 785 3509 occultant,
808 3450 943 3515 tanquam
966 3457 1014 3496 eas
1037 3457 1099 3514 qnae
1127 3447 1227 3512 suapte
1254 3446 1357 3494 natura

254 3543 346 3600 neque
360 3524 516 3599 dicineqne
528 3522 731 3599 comprehendi
742 3521 862 3596 possint,
874 3539 936 3595 qnae
946 3539 1015 3577 raro
1025 3519 1113 3594 ipsius
1127 3517 1162 3575 de
1176 3517 1226 3574 illo
1240 3517 1355 3593 dispen-

254 3606 371 3662 sationis
386 3606 485 3663 mediae
500 3612 576 3669 sunt,
591 3622 639 3660 eas
654 3604 817 3665 ostendunt,
832 3609 983 3676 propterea
997 3599 1075 3674 qnod
1095 3599 1157 3655 sola
1172 3599 1234 3655 haec
1247 3606 1356 3655 natura

253 3685 401 3744 hominum
416 3684 625 3761 cognoscibilia,
641 3703 728 3758 qaum
741 3702 775 3739 ea
789 3701 851 3757 qnae
872 3699 958 3756 snpra
976 3681 1038 3737 haec
1051 3688 1081 3736 et
1094 3687 1160 3753 post
1172 3679 1234 3736 haec
1247 3679 1357 3753 reliqua

254 3773 320 3822 sunt
341 3767 371 3823 in
392 3767 502 3823 arcanis
521 3765 619 3822 habita
637 3765 779 3820 sileantur.
822 3763 963 3818 Praeterea
982 3761 1084 3817 divinae
1104 3777 1137 3816 ac
1155 3759 1286 3815 coelestes
1305 3777 1356 3834 po·

253 3851 372 3902 testates
396 3853 531 3921 poterant
553 3845 621 3901 item
645 3843 784 3900 vocabulo
810 3841 959 3916 Seraphim
983 3839 1115 3916 intelligi,
1141 3847 1280 3913 quatenns
1301 3838 1357 3895 alia

254 3925 375 3998 quadam
389 3925 500 3982 ratione
514 3924 664 4000 Seraphim
685 3943 722 3980 ex
742 3922 975 3997 interpretatione
990 3923 1113 3978 incendia
1134 3920 1305 3994 significant,
1320 3937 1356 3975 ex

119 4039 125 4052 ·
171 4039 177 4059 ·
200 4038 206 4052 ·
254 4022 311 4078 qno
325 4003 394 4062 illud
409 4005 583 4070 dictumest,
601 4005 654 4068 Qut
665 4004 742 4080 facit
762 4003 871 4079 anpelor
889 4021 951 4058 snos
964 4002 1083 4078 spiritua,
1099 4007 1126 4056 et
1141 4003 1356 4056 ministratorios

254 4086 324 4157 ignia
334 4083 488 4161 flammam.
532 4085 665 4142 Clamant
679 4103 763 4158 porro
777 4083 817 4148 hi,
832 4091 862 4140 et
877 4081 1065 4138 vociferantur
1086 4080 1157 4136 alter
1178 4081 1214 4136 ad
1235 4079 1356 4136 alterum

253 4181 306 4237 pro
320 4165 378 4219 anis
392 4163 509 4237 quisque
524 4163 637 4229 viribus,
652 4164 831 4220 sanctitatem
845 4163 915 4236 ejus,
930 4162 966 4218 de
980 4179 1036 4236 qno
1050 4169 1083 4217 nt
1096 4160 1132 4216 de
1146 4159 1209 4216 Deo
1230 4159 1357 4233 loquitur

254 4242 402 4315 propheta,
417 4239 658 4308 commendantes,
674 4249 704 4298 et
717 4243 793 4316 quod
811 4243 939 4299 omnium
955 4240 1142 4297 admiratione
1157 4239 1355 4314 dignissimum

255 4326 307 4384 est,
322 4318 482 4392 theologica
504 4319 688 4388 declarantes,
704 4318 780 4394 quod
801 4337 858 4377 non
879 4319 965 4377 modo
987 4321 1098 4386 coelnm,
1114 4327 1144 4377 et
1158 4337 1220 4394 qnae
1237 4318 1267 4376 in
1282 4319 1355 4376 coelo
