3132 4714
255 261 320 332 676
703 257 889 324 nnsnnn
1331 273 1362 336 p.
1372 251 1512 335 338-

256 431 478 536 διαριτέσασα
505 432 628 536 με’χρις
649 431 817 536 Ἰεχονίου
845 430 903 507 καὶ
929 429 992 525 τῆς
1016 422 1084 505 riuis
1111 420 1355 516 Βαβυλωνίας

255 568 319 638 τοῦ
338 565 432 663 ίεροῦ
449 559 657 661 πολιορκίας
685 556 830 654 λὲλυτο,
848 558 896 637 ὡς
922 553 966 660 ἐξ
991 553 1121 632 ἐκείνου
1145 549 1268 650 μηκέτι
1292 544 1385 630 diuo

255 681 385 788 θρόνον
397 686 520 780 Δαβὶδ
536 681 587 783 μὴ
605 681 643 762 δὲ
662 679 761 766 ετοῦς
778 683 817 760 ἐκ
835 679 1040 783 σπέρματος
1058 675 1167 756 αὐτοῦ
1183 683 1356 772 βασιλεῦ-

203 837 248 902 14⁶
257 844 321 890 σαι
343 819 407 890 τοῦ
424 811 604 889 Ἰουδαίων
623 809 756 891 ἔθνους.
818 808 890 884 Καὶ
910 804 1043 903 ταύτην
1063 836 1106 904 γε
1127 801 1194 903 τὴν
1212 802 1355 918 γενομέ-

257 969 322 1037 νην
339 935 538 1017 διάπτωσιν
551 939 615 1034 rije
632 933 723 1037 πρὸς
740 932 803 1014 τὸν
815 935 937 1027 Δαβὶδ
950 932 1166 1034 ἐπαγγελίας
1184 929 1378 1030 uetustius

256 1063 512 1167 προειρημένην
530 1071 595 1141 τοῦ
612 1067 773 1160 Ψαλμοῦ
795 1057 996 1162 παράθεσιν
1013 1056 1055 1137 τὸ
1080 1064 1175 1137 θεῖον
1191 1054 1264 1135 ὧδέ
1279 1089 1356 1140 πως

256 1197 396 1288 πνεῦμα
415 1186 582 1290 θεσπίζει,
601 1184 643 1266 riu
671 1183 707 1267 δὲ
731 1187 863 1266 ἀποίσω
892 1192 952 1266 uui
981 1179 1208 1294 ἐξουδίνωσιιι,
1229 1183 1357 1274 ιἰνεβά-

258 1338 320 1397 λιυ
337 1316 390 1396 τλν
409 1317 544 1425 Χριστίν
562 1341 634 1394 σου·
666 1305 910 1420 κατίστριψιις
927 1308 980 1405 rip
999 1307 1150 1406 διαθήκην
1167 1313 1223 1392 τοῦ
1241 1306 1357 1390 διιίλιυ

258 1478 329 1533 σιν,
349 1441 576 1537 institues-as
601 1447 647 1526 είς
671 1436 724 1532 riu
741 1437 802 1541 γῆι
820 1435 858 1519 τί
882 1439 1053 1544 ι’νγίιισμα
1071 1440 1183 1529 sirei,
1204 1435 1357 1523 καθεῖλες
1367 1481 1400 1516 ιο

203 1572 396 1657 retorsimus
417 1567 490 1655 τοῦς
509 1565 692 1675 φραγμοὺς
710 1569 821 1648 αὐτοῦ.
868 1569 941 1645 Καὶ
958 1567 1033 1666 μετ’
1054 1565 1173 1666 ὀλίγα,
1192 1567 1244 1646 riu
1262 1562 1357 1673 θρίων

189 1791 190 1794 ¹
259 1698 358 1776 αὗταί
384 1703 430 1780 eis
454 1693 507 1789 rip
524 1693 585 1796 piu
605 1693 824 1801 ιιιιτίρριιξιιτ,
843 1695 1043 1799 ἑσμίκρννιις
1068 1690 1133 1776 τὶς
1156 1690 1278 1801 ἡμέρας
1302 1695 1358 1772 τοῦ

257 1825 369 1929 χρίων
402 1822 512 1911 αὐτοῦ,
541 1819 717 1917 κατέχεας
747 1823 845 1900 strui
871 1818 1038 1917 αἰσχύνην,
1063 1815 1088 1899 ἃ
1116 1822 1174 1898 καὶ
1201 1821 1358 1921 ἐναργῶς

258 1945 442 2052 ἀρξάμενα
464 1952 716 2025 συντελεῖσθαι
739 1943 813 2026 ἀπὸ
840 1949 903 2044 τῆς
930 1951 978 2030 είς
1000 1951 1204 2040 Βαβυλῶνα
1222 1952 1352 2049 αἰχμο-
1367 1983 1397 2032 ις

258 2074 399 2158 λασίας
415 2080 480 2152 τοῦ
498 2081 599 2171 λαοῦ,
611 2073 716 2176 με’χρι
732 2077 796 2170 τῆς
808 2070 995 2171 Ῥωμαίων
1009 2075 1066 2151 καὶ
1079 2073 1248 2175 Τιβερίου
1265 2105 1358 2176 παρ-

259 2199 409 2306 εξετοίθη
440 2200 642 2294 βασιλείας.
702 2200 833 2282 Οὐδεὶς
864 2205 952 2300 γοῦν
979 2201 1018 2278 εἰς
1049 2203 1114 2298 τῆς
1144 2205 1209 2278 τοῦ
1237 2201 1359 2294 Δσβὶδ
1366 2226 1400 2288 P·
1412 2223 1491 2290 339

259 2331 426 2430 διαδοχῆς
443 2328 480 2406 ἐν
499 2333 572 2409 τοῖς
589 2323 724 2432 μεταξὺ
745 2323 885 2430 χρόνοις
903 2327 1066 2430 φαίνεται
1090 2329 1147 2406 ἐπὶ
1169 2324 1233 2406 τὸν
1250 2333 1360 2421 βασι-

259 2451 363 2530 λικὸν
380 2460 444 2531 τοῦ
462 2453 645 2556 Ἑβραίων
662 2453 783 2536 ἔθνους
809 2455 994 2536 καθεσθεὶς
1018 2449 1146 2554 θρόνον
1169 2451 1272 2556 μέχρι
1293 2457 1360 2552 ’τῆς

207 2611 252 2672 14⁸
260 2585 323 2658 τοῦ
342 2583 506 2680 Χριστοῦ
530 2579 741 2681 παρουσίας.
801 2583 878 2658 Τοῦ
895 2577 934 2657 δὲ
952 2581 990 2658 ἐκ
1008 2579 1215 2682 suspiratos
1237 2582 1382 2674 Δαβὶδε

260 2705 451 2805 γενομένου
482 2706 615 2807 Κυρίου
642 2707 701 2782 καὶ
729 2707 897 2805 Σωτῆρος
924 2704 1024 2801 ἡμῶν
1045 2705 1169 2804 Ἰησοῦ
1193 2707 1358 2806 Χριστοῦ

260 2830 442 2925 βασιλέως
469 2831 528 2910 ἐπὶ
559 2837 685 2911 πᾶσαν
713 2827 779 2928 τὴν
808 2829 1014 2929 οἰκουμένην
1045 2829 1360 2934 ἀνακηρυχθέντος,

709 2980 798 3038 οτοῦς
811 2999 864 3036 om.
881 2981 909 3038 S.

261 3113 383 3170 lonicum
398 3115 496 3190 templi
510 3113 685 3172 obsidionem
700 3113 915 3188 permanserint,
929 3112 978 3169 ubi
992 3111 1047 3170 hoc
1067 3112 1158 3188 ipsum
1174 3111 1284 3176 occidit,
1298 3120 1360 3169 tum

261 3211 330 3250 vero
351 3194 519 3251 dissolutum
541 3203 584 3252 est
605 3213 735 3270 regnum,
750 3195 821 3251 adeo
843 3193 965 3268 quidem,
981 3201 1013 3249 nt
1031 3211 1068 3250 ex
1088 3193 1136 3250 illo
1150 3201 1287 3268 tempore,
1302 3211 1360 3249 non

262 3273 382 3348 amplius
397 3275 479 3332 sedes
493 3275 595 3340 David,
610 3294 701 3350 neque
716 3275 752 3331 de
766 3275 873 3331 semine
887 3275 948 3349 ejus
963 3273 1109 3348 qnisquam
1125 3274 1199 3348 apud
1212 3273 1360 3331 ,iudaicam

263 3364 379 3432 gentem
400 3355 572 3431 regnaverit,
587 3364 617 3414 et
634 3355 707 3412 hanc
728 3356 841 3429 quidem
861 3373 956 3411 earum
978 3373 1081 3420 rerum,
1096 3372 1159 3428 quse
1175 3355 1220 3423 (nt
1234 3355 1361 3430 proxime

263 3436 356 3514 posita
370 3435 473 3494 Psalmi
487 3437 624 3513 porticula
637 3436 825 3508 demonstrat)
841 3435 895 3511 ipsi
909 3433 1004 3492 David
1021 3435 1166 3510 promisse
1180 3443 1255 3498 sunt,
1268 3436 1360 3510 jactu-

264 3537 335 3582 ram,
359 3518 474 3593 spiritus
498 3518 609 3575 divinus
631 3517 661 3573 in
683 3516 759 3573 hune
783 3516 900 3573 modum
923 3515 1016 3572 cunit:
1040 3515 1080 3572 ru
1104 3533 1168 3572 uero
1189 3515 1315 3589 repulisti
1335 3523 1362 3571 et

264 3599 413 3674 despeuisti,
437 3599 567 3655 distulisti
591 3597 729 3654 Christum
754 3604 840 3662 tuum.
862 3597 981 3653 evertisti
1005 3603 1196 3653 testamentum
1217 3597 1289 3652 serui
1312 3598 1361 3660 tui,

261 3679 416 3754 profanasti
430 3681 457 3735 iu
473 3687 546 3736 terra
560 3679 742 3735 sanctuarium
757 3675 824 3749 ejus,
839 3677 994 3733 destruxisti
1009 3693 1100 3732 omues
1119 3693 1194 3750 sepes
1213 3673 1280 3746 ejus.
1323 3675 1362 3732 Et

263 3766 329 3838 post
344 3777 443 3836 panca,
458 3759 556 3816 Sedens
570 3755 626 3830 ejus
640 3760 666 3814 in
683 3765 783 3814 terram
798 3755 931 3819 collisisti.
946 3757 1069 3814 minuisti
1082 3758 1139 3812 dies
1152 3760 1280 3831 temporis
1294 3755 1360 3828 ejua

259 3839 408 3915 perfudisti
422 3857 482 3895 eum
496 3839 657 3915 coususioue.
700 3837 771 3906 Qnse
786 3837 882 3894 omnia
896 3856 982 3912 quum
998 3838 1058 3912 jam
1072 3837 1171 3911 perfici
1184 3836 1360 3910 incoeperint,

264 3919 299 3975 ab
314 3935 348 3974 eo
363 3928 560 3995 temporeque
579 3918 699 3994 populus
713 3919 742 3975 in
758 3918 932 3993 Babylonem
947 3917 1075 3992 captivus
1089 3918 1190 3974 duetus
1203 3923 1257 3982 est,
1273 3934 1361 3991 usque

264 3997 301 4056 ud
328 3999 522 4055 Romanorum
556 4009 585 4056 et
611 3997 719 4056 Tiberii
751 3997 899 4072 imperinm
932 3998 1042 4072 prolata
1069 4006 1257 4072 provectuque
1285 4003 1359 4053 sunt.

263 4076 369 4134 Nullus
390 4078 465 4136 enim
487 4097 523 4135 ex
544 4098 649 4156 genere
664 4078 755 4136 David
775 4080 831 4136 hoc
847 4086 909 4135 toto
930 4078 1098 4136 intermedio
1112 4087 1240 4152 tempore
1256 4078 1286 4134 in
1301 4075 1360 4135 He·

263 4157 365 4214 braiose
379 4157 474 4230 gentis
494 4159 575 4232 regia
593 4160 659 4216 sede
674 4159 784 4217 videtur
802 4159 909 4217 sedisse
926 4178 1014 4235 usque
1028 4160 1065 4217 ad
1079 4159 1185 4215 Christi
1199 4158 1360 4216 adventum.

264 4233 321 4291 Ubi
337 4253 404 4291 vero
419 4235 558 4293 Dominus
572 4246 602 4294 et
616 4237 746 4296 Salvator
763 4248 860 4297 noster
873 4240 958 4296 Jesus
972 4240 1113 4304 Christus,
1129 4239 1177 4314 qui
1198 4239 1234 4296 de
1255 4237 1362 4295 semine

264 4313 356 4371 David
377 4321 456 4372 ortus
476 4323 530 4378 est,
544 4316 573 4370 in
594 4323 685 4374 totum
707 4319 804 4376 orbem
824 4338 874 4376 rex
897 4319 1083 4378 denunciatus
1104 4327 1157 4386 est,
1172 4323 1307 4395 tanquam
1329 4337 1363 4375 ea
