3120 4716
48 263 181 346 -45u
414 265 645 333 uuuousr.
670 265 840 332 uvius.
864 267 930 332 ru.
950 286 999 348 17.
1230 264 1294 332 eur

191 429 482 538 ἐπιγεγραμμένῳ
501 441 547 518 εἰς
566 435 752 537 Σολὸμυννα
776 440 853 534 Περί
874 434 929 511 τοῦ
947 433 1012 511 uiui
1029 433 1084 510 τοῦ
1101 426 1291 524 βασιλέως,

191 555 330 654 δηλαδὴ
355 567 420 637 τοῦ
444 562 483 638 ἐκ
505 560 712 660 σπέρματος
738 557 954 658 Σολόμωνος
973 554 1292 659 προελευσομένου,
1305 582 1334 616 ¹0

191 683 407 782 λεγομένοις,
425 686 506 786 περὶ
529 684 570 762 οὗ
589 687 705 790 φησὶν
724 686 744 762 ὁ
761 682 928 782 Ψαλμδς,
949 693 1009 764 καί
1040 680 1319 784 xerampeliae

193 807 266 888 οἰπί
297 806 475 901 θαλοίσσης
510 808 569 893 ἕως
602 806 794 899 θαλάσσης,
828 823 888 890 καί
925 810 997 889 riri
1035 805 1198 911 ποταμοῖν
1233 805 1294 888 ἕως

155 935 343 1041 ιτπεροίταν
368 933 426 1026 τῆς
450 932 645 1037 οἰκουμένης.
705 936 874 1033 Σημαίνει
902 934 940 1014 δέ
965 937 1022 1014 καί
1050 931 1116 1031 τὴν
1144 934 1294 1010 ἐνταῦθα

192 1057 412 1156 δηλουμένην
437 1057 577 1160 εἰρήνην
605 1061 625 1136 ὁ
650 1057 756 1142 αι’πδς
774 1058 932 1155 Ψαλμὸς
953 1058 1118 1162 φάσκων,
1136 1059 1297 1135 οἰνατελεί

192 1183 222 1261 ἐν
240 1187 316 1267 ταῖς
334 1181 470 1287 ἡμέραις
489 1185 587 1262 αὐτοῦ
606 1179 803 1277 δικαιοσύνη,
822 1189 879 1263 καί
899 1181 1025 1276 milior
1045 1184 1168 1288 εἰρήνης.
1222 1182 1316 1258 Kui⁵

191 1307 350 1390 Ἠσαίας
372 1306 410 1386 δὲ
431 1304 568 1389 τούτοις
592 1308 778 1411 συντρέχει
799 1309 842 1386 δι’
862 1305 912 1387 ὧν
940 1309 1045 1410 φησί,
1071 1314 1130 1384 noi
1159 1308 1289 1404 συγκέ-

191 1425 301 1535 φουσι
320 1430 402 1517 οτίις
419 1437 605 1537 μαχαίρας
629 1433 733 1512 cirris
757 1442 802 1519 εἰς
825 1433 957 1541 ἄροτρα,
981 1445 1039 1512 καί
1062 1431 1127 1515 τίις
1154 1428 1293 1538 (sulvus

194 1555 298 1636 αὑτῶν
328 1565 373 1642 εἰς
405 1553 565 1665 δρίπανα,
596 1568 656 1639 καί
691 1565 724 1638 οὐ
757 1553 913 1663 ληφεται
944 1556 989 1636 ἔτι
1020 1553 1101 1640 ἔθνος
1131 1558 1183 1634 ἐπ’
1211 1552 1323 1638 ἕθιοςά

156 1684 383 1786 ιεμυίχαιραι,
406 1687 463 1762 καί
491 1689 525 1762 οὐ
547 1681 595 1787 μίη
621 1681 772 1788 μάθωσιν
800 1682 847 1760 ἐτι
876 1687 1047 1786 πολεμεῖν.
1106 1682 1234 1782 Εὕροις
1262 1681 1291 1758 δ

194 1803 238 1884 ἂν
261 1808 318 1885 καί
340 1807 501 1911 Μιχαίαν
523 1805 660 1890 τούτοις
678 1804 892 1912 συνᾴδοντα,
912 1809 969 1885 καί
995 1805 1132 1887 ἄλλους
1149 1805 1295 1886 πλείους

194 1937 267 2010 τῶν
289 1937 500 2034 προφητῶν.
549 1930 776 2031 ’δἀτιστήσας
799 1931 847 2027 δέ,
866 1936 914 2014 ὡς
932 1931 1032 2037 ἔφην,
1052 1937 1126 2014 τοῖς
1143 1929 1316 2034 χρόνοις,5

195 2055 333 2160 δυνήσῃ
360 2059 515 2136 συνιδεῖν
543 2061 592 2140 ὡς
618 2057 692 2137 ἀπὸ
721 2064 793 2136 τῶν
821 2057 1034 2158 Αὐγούστου
1066 2055 1206 2160 χρόνιον
1237 2059 1295 2134 καὶ

192 2185 256 2279 τῆς
281 2184 357 2261 κατ’
377 2181 485 2262 αὐτὸν
511 2180 774 2288 ἐπιλαμψάσης
800 2190 864 2261 τοῦ
894 2187 1060 2283 Σωτῆρος
1087 2183 1188 2281 ἡμῶν
1215 2183 1292 2260 ἐπι-

193 2309 340 2412 φανείας
376 2313 439 2406 τῆς
475 2309 664 2408 Ῥωμαίων
700 2308 896 2411 μοναρχίας
932 2307 1223 2410 ἐπικρατησάσης
1258 2310 1294 2386 αἰ

192 2431 308 2512 πάλαι
334 2440 407 2512 τῶν
433 2436 545 2512 ἐθνῶν
569 2431 787 2532 διελύθησαν
814 2432 1020 2516 διαστάσεις
1049 2435 1106 2510 καὶ
1132 2443 1292 2533 πολυαρ-
1305 2462 1334 2497 10

193 2560 277 2662 χίαι,
297 2563 354 2638 καὶ
381 2558 481 2638 τόνδε
509 2558 553 2663 ἐξ
577 2559 708 2637 ἐκείνου
737 2557 749 2600 ¹
754 2557 818 2637 τὸν
845 2557 979 2660 τρόπον
1006 2557 1131 2641 τέλους
1158 2556 1293 2662 ἤρξατο

155 2676 379 2792 ιοτυγχάνειν
397 2683 443 2764 τὰ
466 2688 529 2782 τῆς
550 2683 862 2787 προφητευομένης
885 2680 1031 2784 εἰρήνης.
1080 2679 1203 2758 Ἀλλὰ
1230 2689 1293 2759 νῦν

191 2808 257 2907 μέν
275 2811 360 2893 τέως
375 2810 522 2916 ἤρξατο,
540 2809 643 2888 ἔσται
662 2807 699 2886 δέ
717 2807 775 2886 ὅτε
795 2806 1030 2909 πληρέατατα
1048 2806 1071 2903 ἡ
1092 2803 1293 2908 προφητεία

508 2979 582 3036 errlr
595 2977 657 3034 odd.
673 2975 704 3032 P.
788 2971 857 3030 Ῑτδν
871 2974 931 3029 odd.
948 2975 978 3028 Ρ.

193 3132 229 3170 ex
244 3113 352 3170 semiue
366 3111 529 3170 Solomonis
539 3113 659 3169 oriundo
670 3111 810 3176 dicuntur,
822 3113 858 3170 de
869 3131 925 3186 quo
936 3112 959 3167 is
969 3112 1096 3168 Pealmus
1107 3110 1147 3167 itu
1158 3110 1293 3185 loquitur,

195 3195 233 3248 Et
247 3193 431 3250 dominabitur
444 3211 460 3247 u
475 3193 547 3248 muri
560 3195 691 3266 usquead
706 3210 792 3256 mure,
808 3200 834 3247 et
855 3212 872 3247 u
887 3191 1049 3266 fluminibus
1071 3193 1207 3264 usquead
1221 3192 1294 3265 finer
1355 3223 1361 3236 ·
1384 3209 1402 3244 ι.

194 3273 267 3330 orbis
287 3281 374 3329 terrae.
416 3272 504 3329 Porro
519 3272 594 3328 idem
608 3273 654 3328 hic
668 3271 796 3328 Psulmus
810 3289 873 3326 eum
888 3272 957 3327 item
971 3289 1033 3343 qure
1052 3271 1099 3326 hic
1117 3269 1292 3344 significatur

194 3370 292 3427 pacem
313 3353 353 3408 sic
371 3352 494 3408 futurum
511 3351 652 3416 describit,
671 3351 781 3407 Orietur
794 3352 822 3406 ιίι
840 3349 933 3408 diebus
952 3348 1010 3421 ejus
1023 3348 1136 3420 justitio
1156 3357 1183 3404 et
1204 3351 1291 3406 aluu-

194 3435 290 3489 dantia
307 3433 396 3508 pacit.
440 3432 538 3488 Esaias
557 3450 668 3506 quoque
689 3449 754 3487 cum
770 3430 815 3486 his
829 3429 896 3503 ipsis
910 3429 1073 3493 concordat,
1089 3446 1175 3502 quum
1190 3428 1238 3490 uit,
1257 3429 1294 3484 Et
1386 3454 1392 3472 ν
1416 3453 1422 3467 ·

195 3511 350 3589 σονηίοδυια
362 3512 470 3584 gladios
486 3530 548 3568 ευοι
565 3513 594 3568 in
608 3529 736 3575 vomeres,
750 3518 777 3566 et
798 3509 932 3566 laureolos
951 3526 1018 3564 suut
1038 3511 1065 3564 iu
1076 3508 1178 3583 falces,
1194 3514 1220 3562 et
1239 3525 1293 3563 αοιι
1392 3573 1395 3579 Δ

194 3600 279 3648 sumet
296 3593 412 3666 amplius
430 3611 496 3664 geru
517 3595 544 3646 iu
564 3598 672 3666 gentem
694 3589 829 3666 clodium,
851 3597 878 3645 et
900 3607 952 3644 αοιι
976 3589 1078 3644 discent
1099 3588 1173 3643 ultro
1194 3585 1294 3644 bellum

193 3689 296 3747 uetere.
347 3673 489 3728 Caeterum
512 3671 665 3728 Michaeem
688 3688 798 3744 quoque
822 3668 948 3725 iuvenies
975 3667 1075 3723 iisdem
1103 3674 1294 3722 consentanee

194 3751 344 3817 dicentem,
358 3752 481 3824 itemque
496 3751 565 3807 ulios
580 3769 615 3807 ex
637 3749 782 3825 prophetis
802 3749 915 3805 multoe.
958 3745 990 3804 Si
1005 3757 1071 3803 ver'o
1085 3745 1246 3818 diligenter,
1261 3753 1293 3804 ut

193 3831 262 3888 ulius
276 3831 343 3896 diui,
352 3841 481 3905 tempora
494 3830 695 3894 observaveris,
710 3829 791 3887 facile
806 3828 908 3886 intueri
922 3827 1039 3903 puteris,
1054 3824 1291 3900 quemadmodum

193 3911 229 3967 ub
251 3911 376 3986 Augusti
395 3911 570 3985 temporibus
591 3918 621 3967 et
642 3929 659 3966 a
679 3909 834 3966 Salvatoris
855 3909 945 3965 nostri
966 3907 1098 3972 adventu,
1120 3905 1167 3978 qui
1187 3923 1238 3980 per
1258 3925 1293 3963 eu

194 3999 323 4066 tempora
343 3989 468 4055 emicuit,
487 4010 573 4065 quum
593 3990 629 4047 ud
653 4009 742 4047 uuum
762 3989 907 4045 reductum
927 3987 1122 4044 Romanorum
1143 3987 1292 4060 imperium

194 4072 290 4127 omniu
303 4071 481 4136 obtinuisset,
496 4079 606 4127 veteres
625 4070 754 4144 gentium
771 4068 935 4125 differentius
954 4077 984 4123 et
1003 4067 1171 4140 multiplices
1189 4067 1293 4142 princi.

194 4159 277 4225 putus
292 4151 389 4208 aboliti
403 4161 478 4216 suut,
494 4159 578 4224 etque
592 4169 625 4207 ex
640 4148 689 4206 illo
702 4149 732 4204 in
751 4149 827 4206 huuc
847 4147 974 4212 modum,
988 4165 1051 4222 quse
1065 4147 1101 4204 ed
1115 4165 1214 4222 pacem
1228 4165 1292 4220 per·

194 4230 318 4288 tinereut
340 4250 425 4304 quum
454 4231 600 4305 prophetae
627 4228 827 4304 praedixerunt,
853 4245 887 4284 eu
907 4228 995 4284 finem
1023 4245 1105 4284 suum
1127 4227 1294 4300 contingere

195 4311 339 4385 coeperint.
384 4313 524 4368 Ceterum
546 4311 683 4368 haetenus
703 4309 817 4383 quidem
839 4307 933 4382 coepit,
948 4315 1062 4382 tempus
1080 4315 1175 4366 sutem
1190 4306 1293 4372 veniet,

702 4421 785 4477 3u2
