3142 4720
69 209 201 289 -267.
477 209 708 278 nnnousu
729 212 899 278 nunno.
923 215 1021 300 v1.9.
1252 216 1316 278 τοο

214 375 360 474 εἴρηται,
376 389 444 458 Καὶ
465 379 588 460 ἔκλινεν
608 380 764 486 οὐρανοὺς,
788 389 847 460 καὶ
869 383 1012 474 κατέβη,
1030 390 1089 461 καὶ
1108 381 1232 486 γνόφος
1251 382 1314 460 iai

213 499 291 588 τοῦς
317 499 431 589 πόδας
459 507 570 584 αὐτοῦ.
631 513 700 585 Καὶ
729 507 835 598 ἐπέβη
863 507 917 586 ἐπὶ
947 509 1116 611 Χερουίδιμ
1148 515 1207 587 καί
1237 508 1314 587 ἕπε·
1327 543 1357 578 ιο

190 627 534 724 3τάσδη,1ε’πετάσδη
561 633 615 710 ἐπὶ
641 631 810 738 πτερύγων
837 629 973 734 ιἰνέμιυν.
1033 633 1089 710 Δι’
1110 629 1159 711 ὧν
1184 630 1229 712 τά
1252 637 1344 731 τῆνο

214 753 353 853 ἀνόδου,
377 755 423 855 ἣν
450 756 522 837 άπὸ
549 761 617 859 γῆς
644 762 692 841 είς
718 756 887 861 οῦρανοῦς
914 757 1120 858 ἐποιήσατο,
1143 756 1312 860 θεσπίζει.

208 876 341 962 Ὅπως
354 876 393 958 δὲ
412 877 565 959 κάθοδον
578 879 648 986 χρὴ
663 889 754 962 νοεῖν
774 885 834 962 καὶ
851 882 980 962 ἄνοδον
993 890 1057 962 τοῦ
1072 887 1167 961 Θεοῦ
1183 883 1314 982 Λόγου,

214 1007 257 1083 ού
286 1013 441 1089 τοπικῶς
469 1006 685 1104 μεταβάσεις
716 1008 935 1107 ποιουμένου,
967 1014 1142 1112 τροπικῶς
1178 1005 1215 1088 δὲ
1251 1005 1338 1092 virs

214 1129 361 1208 τοιάσδε
391 1134 589 1230 οἰκονομίας
618 1135 726 1213 αὑτοῦ
754 1142 879 1214 τοῦτον
910 1138 974 1233 τῆς
1000 1137 1145 1240 γραφῆς
1174 1137 1311 1213 άποκα·

217 1255 354 1356 λούσης
383 1255 448 1335 τὸν
480 1255 623 1360 τρόπον,
653 1261 706 1338 ἐπ’
734 1262 859 1342 οἰκείας
892 1260 1130 1359 ἀποδώσομεν
1159 1263 1312 1363 σχολῆς.

191 1379 314 1466 ν”Εδει
332 1383 370 1461 δὲ
388 1393 633 1483 μνημονεῦσαι
657 1389 694 1465 ἐν
719 1385 856 1469 τούτοις
881 1389 940 1464 καὶ
964 1390 1027 1484 τῆς
1050 1390 1169 1484 καινῆς
1189 1385 1318 1502 &aori-

216 1544 289 1611 κης,
308 1510 354 1609 ἦν
372 1510 523 1608 ἔμελλεν
545 1513 569 1611 ἡ
593 1521 658 1592 τοῦ
683 1518 849 1614 Χριστοῦ
872 1512 1054 1613 παρουσία
1080 1509 1316 1617 προξενήσειν

216 1636 427 1740 ἀνθρώποις·
469 1641 558 1738 αὕτη
585 1639 629 1717 δέ
650 1639 799 1737 ἐστινὴ
827 1637 929 1737 καινὴ
958 1637 1106 1738 διαθήκη
1133 1635 1224 1737 μετὰ
1250 1636 1315 1737 τὴν
1327 1670 1357 1707 10

214 1762 376 1843 παλαιὰν
397 1762 466 1844 ὑπὸ
485 1770 650 1867 Χριστοῦ
673 1772 765 1844 πᾶσι
782 1772 855 1848 τοῖς
873 1764 991 1844 ἔθνεσι
1010 1765 1186 1863 δεδομένη.
1244 1761 1315 1843 Διό

217 1897 312 1995 φησι
327 1886 370 1969 τῦ
388 1889 478 1988 μετὰ
495 1898 615 1994 χεῖρας
634 1889 769 1991 λόγιον,
781 1891 825 1970 ‘O
846 1892 932 1975 Θεδς
951 1889 1030 1998 ᾠδὴν
1051 1889 1160 1983 κυινῆν
1178 1890 1340 2000 {copulo

190 2051 279 2100 ςσοι.
326 2015 381 2095 Ti)
410 2015 457 2114 δὲ,
475 2010 578 2122 σίδαν
606 2015 667 2096 ruis
695 2016 782 2121 ὀρείον
809 2025 869 2096 καὶ
898 2015 1186 2112 καπνισδήσονται,
1207 2020 1315 2097 αίνίτ-

214 2146 342 2221 τεσθαι
359 2142 512 2243 ἡγοῦμαι
531 2141 774 2245 ωέμπρησμὸν
801 2145 859 2220 καὶ
885 2142 1094 2249 ἀφανισμὸν
1119 2143 1243 2243 πάσης
1267 2148 1314 2222 εί-

215 2270 472 2372 δωλολοτρίας,
499 2269 575 2368 ἥτις
606 2267 706 2372 παρὰ
738 2275 811 2352 τοῖς
842 2276 1008 2352 παλαιοῖς
1040 2271 1079 2348 ἐν
1111 2275 1184 2352 τοῖς
1214 2269 1337 2370 ὄρεσιν

214 2390 380 2491 μάλιστα
396 2392 645 2496 ἐσπουδάζετο.
682 2392 799 2474 Ὥστε
818 2393 887 2494 ἤδη
905 2397 964 2473 καὶ
981 2391 1108 2477 αὐτοῦς
1125 2395 1315 2476 Ἰουδαίους

215 2521 492 2624 άπελέγχεσθαι,
511 2525 560 2605 ὠς
584 2524 641 2600 ἐπὶ
668 2527 741 2601 πᾶν
768 2520 850 2622 ὅρος
879 2518 1024 2626 ὑψηλὸν
1047 2519 1138 2599 κατὰ
1162 2521 1313 2619 μίμησιν

215 2653 288 2725 τῶν
307 2647 532 2752 ἀλλοφύλων
549 2649 660 2727 ε’θνῶν
678 2651 1034 2750 είδονλολατροῦντας.

436 2853 446 2897 ¹
460 2857 591 2926 ε’πετάσθη
605 2859 665 2912 add.
682 2859 711 2912 Ρ.
815 2869 838 2902 ¹1¹
855 2857 1003 2929 ε’μπρισμδν
1015 2859 1089 2930 vulg.

215 3043 291 3099 ποσίν
304 3043 382 3099 ooelos
394 3050 422 3099 et
439 3045 581 3108 descendit,
596 3050 623 3099 et
644 3044 733 3117 caligo
752 3044 804 3100 sub
820 3042 930 3116 pedibus
950 3041 1027 3114 ορύιι
1050 3051 1076 3099 et
1097 3045 1214 3100 ascendit
1234 3062 1313 3117 super

216 3121 368 3188 Cherubim,
384 3130 411 3179 et
423 3122 533 3188 οοὶσοὶι,
548 3123 650 3179 volavit
663 3141 744 3198 super
754 3141 859 3197 pennas
871 3131 1019 3180 ventorum.
1058 3122 1092 3179 In
1107 3123 1208 3198 quibus
1218 3123 1312 3180 verbis

215 3221 250 3258 ea
270 3220 332 3275 quse
353 3203 390 3259 ad
407 3221 555 3260 assensum
577 3211 715 3277 spectant,
734 3221 789 3277 quo
811 3203 938 3260 deterre
958 3204 995 3260 ad
1012 3204 1114 3260 coeium
1136 3223 1167 3260 se
1188 3203 1311 3268 sustulit,

215 3281 339 3339 divinat:
372 3283 448 3357 quod
467 3291 562 3340 antem
583 3283 750 3340 descensum
775 3291 859 3358 atque
880 3302 1027 3341 ascensum
1051 3283 1108 3340 Dei
1130 3284 1228 3351 Verbi,
1254 3303 1312 3340 non

215 3362 352 3435 quosdam
374 3363 436 3436 ejus
455 3382 507 3438 per
521 3364 615 3420 locum
634 3364 770 3420 transitus
787 3364 912 3438 accipere
929 3373 1067 3438 oporteat,
1084 3364 1312 3438 quandoquidem

215 3442 245 3498 in
258 3441 334 3500 hunc
348 3443 464 3500 modum
483 3444 623 3518 scriptura
640 3444 735 3501 divina
753 3445 824 3501 tales
845 3445 906 3518 ejus
927 3445 1150 3518 dispensationes
1172 3443 1311 3518 appellare

215 3522 371 3590 oonsnerit,
386 3542 438 3580 suo
451 3523 515 3580 loeo
532 3523 650 3580 otiosius
671 3524 935 3582 demonstrabimus.
978 3523 1101 3597 Oportet
1115 3531 1210 3579 autem
1224 3523 1254 3578 in
1267 3521 1312 3578 his

215 3603 300 3659 etiarn
314 3603 381 3659 novi
391 3604 556 3661 testamenti
569 3603 742 3661 mentionem
756 3603 857 3669 faeere,
870 3603 946 3678 quod
959 3601 1120 3659 hominibus
1133 3608 1194 3658 erat
1205 3601 1312 3660 Christi

215 3683 355 3741 adventus
369 3683 584 3742 conciliaturum
600 3684 655 3741 hoc
670 3703 738 3741 sane
751 3703 858 3741 novum
871 3690 1073 3741 testamentum
1086 3681 1156 3738 iliud
1169 3694 1221 3747 est,
1237 3681 1313 3756 qnod

215 3782 234 3819 a
248 3762 365 3820 Christo
378 3773 444 3838 post
456 3772 538 3822 vetus
559 3765 680 3822 alterum
701 3764 831 3822 omnibus
852 3763 986 3839 gentibus
999 3763 1134 3820 traditum
1149 3771 1200 3820 est.
1243 3763 1311 3820 Pro-

215 3843 282 3899 inde
306 3845 450 3900 oraculum
474 3845 550 3919 quod
572 3863 647 3901 nunc
671 3845 701 3901 in
722 3845 851 3902 manibus
871 3852 915 3901 est
937 3843 978 3900 sio
998 3844 1048 3908 ait,
1068 3843 1152 3908 Deus,
1177 3846 1312 3910 εοπιὶοινηι

214 3941 312 3980 aonam
325 3923 442 3980 cantabo
458 3927 514 3982 tibi.
558 3924 632 3982 Illud
646 3933 751 3990 autern,
770 3925 863 3999 Tange
875 3932 977 3981 montes
993 3933 1019 3980 et
1030 3924 1221 4000 flimigubuat,
1237 3924 1312 3981 arbi·

215 4017 277 4060 tror
290 4003 460 4079 significare,
476 4004 550 4080 quod
565 4005 691 4062 omnium
705 4005 937 4062 simulachrorum
952 4005 1044 4062 cultus
1064 4005 1101 4061 sit
1119 4004 1312 4062 incendendus

214 4102 250 4140 ao
263 4083 410 4150 delendus,
425 4085 473 4160 qui
486 4085 560 4160 apud
574 4085 705 4160 antiquos
719 4085 749 4141 in
762 4085 906 4142 montibus
920 4085 1043 4142 maxime
1062 4083 1309 4158 frequentabatur:

214 4163 338 4237 denique
360 4165 446 4221 etiam
468 4166 523 4240 ipsi
540 4165 634 4222 Judaei
658 4163 945 4239 reprehendebantur,
965 4164 1042 4239 qnod
1062 4165 1092 4220 in
1115 4164 1192 4220 omni
1216 4171 1311 4219 monte

214 4243 329 4301 exoelso
343 4244 380 4302 ad
394 4245 580 4303 imitationem
595 4253 775 4306 externarum
790 4245 917 4320 gentium
932 4244 1101 4302 simulachra
1115 4243 1250 4302 colerent.

737 4358 788 4396 Μ
