3132 4714
52 279 176 346 -309.
427 263 655 328 DEMONST.
680 262 849 329 EVANG.
874 263 934 327 VI.
952 281 1002 350 25.
1230 263 1293 329 615

247 426 445 506 Τοσοότων
462 429 546 526 ἡμῖν
559 431 616 508 ἐπὶ
635 436 698 507 τοῦ
715 427 891 529 παρόντος
910 426 1194 527 συνειλεγμένων
1211 430 1316 527 repis

191 556 255 651 τῆς
290 557 338 635 εἷς
375 555 584 656 ἀνθρώπους
616 552 870 656 θεσπιζομένης
906 554 1058 633 ἔσεσθαι
1093 553 1293 655 παρουσίας

193 683 300 776 Θεοῦ,
318 678 402 784 ἑξῆς
419 677 465 759 ἀν
483 680 535 778 εἴη
559 678 783 785 ἐπισυνάψαι
807 678 926 762 ὁποῖός
953 713 1007 761 τις
1032 680 1052 757 ό
1077 675 1208 780 τρόπος
1229 681 1292 773 τῆς

192 804 368 906 προτέρας
387 805 496 883 αὐτοῦ
520 809 568 887 εἰς
580 803 644 885 τὸν
672 804 895 908 ἀνθρώπινον
913 806 995 898 βίον
1013 805 1172 909 παρόδου
1189 803 1293 905 γενή-

193 935 327 1010 σεσθαι
343 937 638 1036 προανεφωνεΐτο.

603 1191 794 1275 ῩΛΟΓΟΣ
828 1201 872 1274 Ζ.
1302 1233 1332 1296 ρ.
1343 1209 1407 1297 308

249 1347 345 1426 Θεὸν
372 1352 420 1429 εἰς
449 1347 658 1449 ἀνθρώπους
690 1344 886 1451 ἀφίξεσθαι
917 1347 974 1423 καὶ
1002 1342 1072 1423 σὺν
1094 1342 1293 1445 ἀνθρώποις

192 1475 251 1553 ε’πὶ
268 1477 334 1574 γῆς
352 1472 643 1570 πολιτεύσεσθαι,
663 1471 725 1551 δύο
743 1506 782 1551 τε
806 1479 920 1551 ταῦτα
944 1470 1100 1572 μέγιστα
1124 1467 1294 1571 τεκμήρια

192 1604 256 1698 τῆς
275 1602 384 1678 αὐτοῦ
400 1599 599 1701 παρουσίας
621 1597 781 1695 ἔσεσθαι,
799 1601 933 1696 κλῆσιν
951 1598 1004 1676 ἐπ’
1024 1594 1206 1701 ἀναλήψει
1230 1599 1316 1695 miss

193 1730 352 1824 ἀληθοῦς
384 1724 601 1828 θεογνωσίας
633 1731 706 1804 τῶν
737 1724 806 1804 ἀνὰ
839 1723 904 1823 τὴν
935 1723 1140 1821 οἰκουμένην
1171 1724 1292 1818 ἐθνῶν,

193 1852 407 1933 ἀπόπτωσίν
426 1886 464 1930 τε
488 1855 546 1930 καὶ
564 1851 711 1952 ἐρημίαν
730 1849 788 1930 διὰ
811 1848 877 1948 τὴν
901 1857 949 1933 είς
971 1848 1081 1929 αὐτὸν
1099 1848 1294 1928 Εάπιστίαν

192 1987 258 2058 τοῦ
281 1980 461 2059 Ἰουδαίων
489 1977 620 2074 ἔθνους,
642 1980 680 2056 έν
706 1982 757 2083 τῷ
783 1976 855 2079 πρὸ
883 1977 1009 2056 τούτου
1036 1973 1293 2079 συγγράμματι

192 2105 252 2184 διὰ
276 2111 348 2185 τῶν
372 2111 604 2211 προφητικῶν
623 2109 754 2209 φωνῶν
774 2101 1025 2202 μεμαθηκότες,
1043 2100 1288 2207 ἐπισκεψόμε-
1300 2121 1407 2190 p·309

192 2235 252 2312 νοί
265 2265 304 2311 τε
322 2230 472 2311 κατὰτὸ
490 2228 576 2310 αὐτὸ
595 2231 719 2311 ὁποίου
735 2229 861 2313 τέλους
880 2229 981 2333 ἔτυχε
1002 2227 1049 2309 rei
1070 2261 1289 2332 προηγορευ-

192 2357 293 2456 μένα,
312 2359 395 2464 ἑξῆς
421 2361 479 2437 καὶ
507 2355 714 2440 ἀκολούθως
732 2359 769 2435 ἐν
787 2354 930 2462 ἑβδόμῳ
956 2353 1071 2462 τούτῳ
1096 2352 1290 2458 συγγράμ·

194 2517 280 2581 ματι
299 2487 363 2580 τῆς
382 2483 628 2584 Εὖαγγελικῆς
645 2481 880 2588 Ἀποδείξεως
902 2479 966 2560 τὸν
989 2478 1123 2584 τρόπον
1143 2483 1290 2560 ἐπιθεω-

194 2613 306 2710 ρῆσαι
346 2607 601 2710 πειρασόμεθα,
639 2611 720 2688 καθ’
759 2607 801 2687 ὅν
842 2617 959 2712 φησιν
1001 2605 1108 2686 αὐτὸν
1145 2604 1211 2706 τὴν
1247 2613 1317 2690 eins

171 2735 405 2838 ιάνθριόπους
435 2732 660 2833 ποιήσασθαι
692 2732 861 2836 πάροδον.
922 2732 1013 2834 Φέρε
1046 2733 1109 2811 οὖν
1138 2732 1295 2810 ἐντεῦθεν

193 2861 262 2960 ἤδη
281 2859 536 2960 σκοπήσομεν,
555 2860 675 2943 ὁποῖός
699 2894 752 2943 τις
779 2863 798 2938 ὁ
823 2859 955 2963 τρόπος
981 2858 1132 2937 ἔσεσθαι
1150 2861 1214 2954 τῆς
1231 2865 1295 2936 τοῦ

278 3013 281 3022 ⁴
326 3035 518 3112 ίεῦογγιλικῆς
530 3038 686 3110 ἀποδείξεως
699 3037 778 3108 τόμος
792 3039 826 3106 ζ’.
843 3038 872 3091 Ρ.
955 3035 1118 3092 Εάπιστείαν
1133 3036 1163 3091 P.

236 3193 333 3262 Quum
354 3191 441 3267 igitur
461 3193 498 3249 sd
519 3193 595 3249 hunc
609 3212 698 3267 nsque
714 3194 808 3250 loonm
829 3193 891 3249 brec
909 3200 967 3249 tom
987 3189 1076 3248 multe
1096 3189 1294 3264 collegerimus

196 3275 231 3331 de
244 3293 289 3338 eo,
304 3274 352 3348 qni
367 3272 434 3330 olim
454 3273 608 3330 canebatur
623 3274 744 3339 futurus,
761 3272 816 3330 Dei
832 3273 867 3330 sd
883 3271 1012 3329 homines
1026 3271 1159 3337 adventu,
1169 3269 1294 3343 seqnitur

195 3354 285 3411 uthis
303 3353 502 3428 adjungemus,
517 3354 646 3427 quisnam
666 3353 767 3410 modos
788 3353 818 3410 in
837 3353 935 3410 iisdem
954 3350 1075 3408 oraculis
1094 3349 1295 3424 prediceretur

194 3435 306 3492 foturus
320 3434 422 3508 prioris
436 3432 563 3508 ejusdem
578 3434 614 3490 nd
628 3435 781 3491 hnmnnsm
796 3433 884 3490 vitem
899 3449 1037 3490 accessus.

666 3579 740 3637 LlB.
756 3578 823 3636 Vll.

237 3677 312 3734 Cum
334 3677 466 3751 proximo
483 3676 556 3732 libro
572 3675 664 3732 Deum
688 3676 723 3732 sd
747 3675 876 3731 homines
896 3680 1046 3729 venturum
1069 3677 1180 3726 etcum
1201 3668 1292 3726 homi·

195 3758 280 3816 nibus
292 3759 324 3814 in
336 3766 413 3814 terre
425 3764 612 3824 versaturum,
628 3755 739 3830 duoque
754 3756 815 3812 heo
829 3755 954 3811 maxima
967 3751 1049 3826 signo
1067 3748 1141 3806 illius
1155 3749 1293 3806 adventus

195 3838 301 3902 futuru,
323 3837 451 3912 gentium
470 3855 521 3912 per
541 3845 634 3894 totum
655 3836 753 3893 orbem
774 3834 810 3891 sd
832 3832 1023 3908 accipiendam
1037 3849 1132 3888 veram
1147 3830 1204 3888 Dei
1218 3831 1292 3887 noti-

194 3918 265 3975 tinm
279 3918 466 3982 voostionem,
482 3925 511 3974 et
524 3917 650 3974 Jodsicoe
672 3916 767 3990 gentis
787 3923 904 3989 propter
922 3910 1147 3970 incredulitatem
1169 3912 1198 3968 in
1209 3911 1293 3968 illum

196 3998 308 4054 rninsm
322 4017 355 4055 sc
369 3997 560 4060 solitudinem,
575 4015 610 4052 ex
625 3994 797 4070 propheticis
808 3995 923 4051 vocibus
934 3992 1124 4055 didicerimus,
1135 3991 1295 4066 ibidemque

196 4077 413 4152 inspexerimus,
442 4095 525 4152 quem
551 4076 667 4134 tsndem
692 4077 800 4132 exitum
828 4073 987 4131 invenerint
1011 4091 1045 4129 es
1072 4091 1133 4147 quae
1161 4073 1296 4147 predicte

196 4158 319 4221 fuerant,
343 4158 405 4232 ipso
427 4157 559 4230 deinceps
580 4156 679 4212 ordine
699 4155 729 4211 in
750 4156 805 4212 hoc
826 4154 947 4229 septimo
966 4152 1146 4228 Evangelieoe
1166 4151 1294 4208 Demon-

197 4237 344 4294 strationis
357 4237 503 4300 rolnmine
520 4235 636 4292 modum
654 4234 839 4309 contemplari
854 4233 1028 4299 conabimur,
1043 4231 1198 4289 secundum
1212 4249 1295 4304 qoem

196 4316 238 4373 sit
251 4335 282 4374 se
296 4317 333 4374 sd
346 4316 477 4373 homines
490 4316 702 4390 commigrasse.
737 4315 803 4372 ,lam
816 4314 882 4370 inde
896 4313 986 4388 igitur
998 4312 1153 4374 videamus,
1168 4309 1296 4383 quisnam
