3142 4720
259 259 324 326 aru
704 255 890 321 unsrun
1331 253 1491 338 pasc-

259 421 306 502 ‘oi
336 423 399 502 τὸν
431 429 542 528 σφῶν
571 421 755 524 λυτρωτὴν
786 419 998 523 ἐπιγνόντες,
1027 421 1145 499 οἰκεῖοί
1173 453 1211 498 τε
1246 420 1374 505 αὐτοῦς

260 549 439 651 γενόμενοι
469 551 634 648 μαθηταὶ,
665 551 723 626 καὶ
757 545 968 642 ἀπόστολοι,
998 549 1055 624 καὶ
1092 547 1354 646 εὐαγγελισταὶ,

259 675 429 754 πλεῖστοί
443 708 481 753 τε
499 673 611 753 ἄλλοι
626 681 699 753 τῶν
716 675 753 752 ἐκ
770 677 962 776 περιτομῆς
978 678 1026 755 εἷς
1039 670 1147 752 αὐτὸν
1165 705 1356 751 πεπιστευ-

259 799 384 899 κότων,
398 807 478 903 περὶ
497 798 547 880 ὧν
560 804 675 906 φησὶν
694 802 713 878 ὁ
732 798 949 894 ἀπόστολος,
963 797 1061 878 olan
1077 806 1136 878 scal
1158 799 1204 877 νῦν
1218 801 1356 903 λεῖμμα

223 932 338 1022 ιηιιαθ
370 924 511 1027 ιἰιλογλν
548 925 684 1032 χάριτος
716 925 843 1026 γέγονε.
903 926 975 1002 Καὶ
1007 921 1059 1019 τὸ,
1090 931 1128 1001 Ei
1163 920 1209 1024 ριλ
1244 923 1355 1030 Κύριος

261 1049 415 1145 Σαβαδθ
439 1050 665 1153 ἑγκατέλιπιν
687 1055 762 1154 ἡμῖν
786 1048 937 1157 σπέρρια,
958 1054 1001 1134 ὡς
1021 1045 1159 1153 Σόδομα
1183 1047 1225 1128 διν
1248 1049 1396 1149 ipat-¹0

261 1177 368 1281 θηριεν,
400 1187 459 1260 καὶ
489 1183 533 1262 ὡς
565 1178 710 1283 Γόμορρα
737 1176 779 1256 διν
806 1175 1022 1282 ὡμοιώθημεν·
1058 1180 1120 1273 τῆς
1149 1175 1393 1274 νενοημένηιΡ·
1408 1181 1470 1262 287

261 1304 343 1403 ἡμῖν
368 1302 459 1384 κατὰ
486 1302 643 1383 διάνοιαν
665 1306 874 1405 πολιορκίας
897 1303 1034 1404 ἄπειροι
1060 1299 1356 1405 διεφυλάχθησαν

261 1433 303 1509 οὐ
324 1429 443 1530 μόνον,
466 1428 566 1509 ἀλλὰ
590 1431 649 1509 καὶ
672 1434 736 1528 τῆς
760 1428 851 1531 πρὸς
876 1427 977 1534 λε’ξιν
999 1429 1247 1527 ἀποδοθείσης.
1307 1432 1357 1506 Oi

261 1565 348 1658 γοῦν
375 1554 576 1637 ἀπόστολοι
605 1559 664 1634 καὶ
691 1557 847 1654 μαθηταὶ
878 1565 942 1636 τοῦ
971 1559 1138 1657 Σωτῆρος
1167 1556 1276 1652 ἡμῶν,
1298 1555 1357 1631 καὶ

260 1681 388 1765 πάντες
408 1687 440 1760 oi
464 1681 509 1786 ἐξ
523 1682 704 1760 Ἰουδαίων
722 1687 770 1764 εἰς
788 1679 896 1760 αὑτὸν
913 1679 1198 1776 πεπιστευκότες,
1217 1679 1378 1780 μακρὰνο

261 1811 323 1904 τῆς
345 1804 516 1888 Ἰουδαίας
542 1809 610 1907 γῆς
639 1804 831 1907 γενόμενοι,
860 1810 918 1885 καὶ
949 1814 1022 1890 τοῖς
1050 1812 1190 1889 λοιποῖς
1217 1804 1357 1884 ἔθνεσιν

262 1932 525 2035 ἐπιοπαρέντες,
545 1931 609 2012 τδν
634 1932 725 2012 κατὰ
748 1939 820 2012 τῶν
845 1931 1036 2012 οἰκούντων
1054 1930 1120 2032 τὴν
1142 1929 1252 2010 πόλιν
1269 1930 1352 2008 ὄλε-

226 2063 351 2160 ιεθρον
383 2062 564 2160 διαδρᾶναι
596 2055 675 2136 τότε
702 2056 953 2156 ἠδυνήθησαν.
1016 2059 1087 2136 Καὶ
1121 2065 1226 2136 τοῦτο
1258 2055 1296 2134 δὲ
1333 2057 1355 2154 ἡ

263 2185 462 2290 προφητεία
480 2192 721 2286 προλαβοῦσα
739 2183 941 2279 ῑέθέσπισε,
961 2185 1003 2262 δι’
1024 2180 1074 2261 ὧν
1093 2182 1239 2287 ἔφησεν,
1256 2190 1302 2262 Οἱ
1323 2178 1357 2261 δὲ
1369 2215 1399 2248 ¹0

266 2313 474 2391 κατάλοιποι
493 2313 548 2389 τοῦ
566 2312 653 2390 λαοῦ
670 2347 736 2413 μου
756 2315 789 2389 οὐ
807 2308 854 2415 μη
874 2301 1139 2416 ἑξολοθρευθῶσιν.
1189 2307 1258 2392 Οἷς
1275 2308 1387 2413 {fieb

265 2435 427 2534 ἐπιλέγει,
449 2442 517 2514 Καὶ
537 2435 742 2541 ἐξελεύσεται
764 2435 875 2542 Κύριος
896 2436 956 2516 ιιαῖ
981 2433 1221 2539 παρατάξεται
1244 2435 1274 2513 ἐν
1291 2438 1358 2516 τοῖς

267 2559 379 2640 ἔθνεσιν
403 2563 545 2651 ἐκείνοις,
575 2560 684 2646 καθδς
703 2561 805 2667 ἦριέρα
828 2559 1053 2667 παρατάξεως
1080 2562 1178 2638 αὐτῶ
1204 2562 1232 2670 ἓν
1258 2555 1372 2667 ηριέρρι

229 2687 430 2794 ιοπολέριοο.
477 2689 543 2766 Ἐν
566 2688 679 2770 ποίοις
704 2686 741 2766 δὲ
766 2686 885 2767 ἔθνεσι
910 2685 1041 2786 Κύριος
1065 2683 1316 2791 παρατάξεται,
1335 2681 1381 2783 ἦε

536 2860 584 2918 foi
597 2869 648 2919 τῶν
662 2866 686 2918 ol
699 2865 745 2919 τὸν
760 2865 789 2919 S.
873 2873 889 2920 Β
903 2862 1045 2918 totamm
1060 2863 1088 2916 S.

267 3017 361 3074 effecti
381 3024 456 3083 sunt,
471 3016 598 3090 discipuli
613 3016 709 3090 utique
723 3025 751 3074 et
765 3016 886 3091 apostoli
900 3024 929 3073 et
942 3015 1132 3090 evangelistas.
1147 3015 1361 3090 compluresque

267 3096 313 3153 alii
327 3097 375 3170 qui
390 3097 425 3153 de
439 3096 641 3154 circoncisione
662 3097 781 3169 proiecti
799 3097 828 3153 in
847 3097 939 3171 ipsum
954 3095 1142 3160 crediderunt,
1158 3095 1307 3169 dequibus
1322 3095 1362 3151 ait

106 3209 168 3247 nom.
181 3217 210 3255 u,
221 3214 238 3255 ς,
268 3177 421 3250 spostolus,
438 3175 486 3233 Sic
498 3179 581 3232 etium
595 3193 667 3232 nunc
683 3179 802 3250 reliquie
822 3179 968 3234 secundam
988 3176 1143 3232 electionem
1163 3178 1260 3249 gratie
1272 3176 1362 3248 soetae

105 3283 145 3327 m.
156 3293 174 3332 1,
184 3293 204 3332 9,
268 3264 341 3313 sunt.
382 3255 513 3320 utillud,
529 3255 592 3312 Nisi
608 3256 744 3312 Dominus
765 3257 887 3313 Sabaoth
907 3256 1058 3329 reliquisset
1078 3255 1153 3312 nobis
1173 3273 1268 3321 semen,
1284 3257 1362 3328 quasi

270 3337 388 3393 Sodoma
400 3337 655 3411 factiosissima
671 3335 751 3410 quasi
769 3336 922 3393 Gomorrha
936 3337 1037 3393 similes
1047 3336 1208 3410 scissem,
1223 3334 1297 3391 illius
1310 3334 1361 3390 ob-

269 3416 394 3483 sidionis,
409 3436 493 3493 quem
507 3434 560 3473 nos
574 3416 610 3472 ad
625 3415 838 3491 intelligentiam
852 3416 1008 3481 referimus,
1024 3416 1163 3472 immunes
1178 3424 1363 3489 expertesque

270 3506 336 3556 sunt
355 3498 468 3565 servati,
490 3515 581 3571 neque
605 3496 690 3572 hujus
713 3497 813 3563 solum,
835 3496 988 3554 sedetiam
1010 3496 1085 3552 illius
1109 3514 1171 3570 quae
1192 3495 1363 3552 adverbum

268 3578 452 3654 intelligitur:
468 3597 533 3635 nam
548 3577 601 3652 ipsi
615 3577 735 3652 apostoli
749 3595 782 3634 ac
796 3576 924 3650 discipuli
939 3575 1093 3633 Salvatoris
1107 3575 1206 3638 nostri,
1221 3583 1250 3631 et
1265 3592 1364 3630 omnes

270 3660 317 3733 qui
331 3678 367 3716 ex
377 3660 484 3717 Jodaeis
497 3659 534 3715 ad
548 3658 639 3732 ipsum
653 3657 801 3714 credentes
811 3666 997 3720 accesserant,
1008 3675 1094 3730 quum
1107 3655 1206 3730 procul
1219 3654 1363 3712 ebJudrea

270 3748 347 3796 terra
365 3741 496 3796 abessent
517 3747 546 3795 et
566 3737 681 3811 reliquis
702 3746 797 3794 essent
815 3736 936 3793 immixti
958 3737 1099 3811 gentibus,
1121 3753 1233 3792 omnem
1256 3753 1363 3799 eornm,

271 3819 318 3892 qui
339 3819 480 3876 civitatem
502 3818 673 3881 incolebant,
692 3816 877 3891 perditionem
900 3825 984 3891 atque
1004 3815 1149 3874 interitum
1168 3815 1293 3890 effugere
1314 3831 1364 3888 per

270 3896 337 3952 illud
357 3905 469 3972 tempus
490 3897 571 3954 facile
591 3904 753 3971 potuerunt.
796 3897 882 3965 Quod
906 3897 999 3971 ipsum
1020 3915 1088 3953 sane
1109 3897 1195 3953 etiam
1216 3895 1365 3970 prophetia

271 3976 427 4051 anticipans
445 3977 585 4034 cecinerat
604 3977 658 4033 illis
672 3976 775 4043 verbis,
793 3977 845 4041 Qui
861 3984 951 4033 autem
972 3977 1070 4049 reliqui
1081 3975 1194 4050 fuerint
1213 3976 1245 4032 de
1263 3975 1364 4048 populo

270 4075 336 4121 meo,
352 4075 404 4112 aon
413 4058 547 4130 peribunt.
583 4057 693 4126 Quibus
707 4057 839 4131 deinceps
853 4056 992 4131 adjungit,
1004 4057 1044 4113 Et
1059 4056 1210 4131 epreclietur
1219 4055 1362 4119 Dominus.

270 4144 298 4190 et
312 4137 511 4208 comparabitur
525 4139 562 4190 od
575 4137 701 4208 prelium
715 4142 742 4193 ὶιι
755 4138 877 4210 gentibus
890 4139 954 4202 illis,
970 4137 1192 4210 queamdmodum
1207 4136 1263 4191 dies
1273 4136 1365 4208 prelii

271 4213 326 4283 η’νι
341 4217 367 4268 ia
382 4215 425 4269 dte
438 4214 510 4268 belli.
553 4216 590 4268 At
604 4233 671 4270 vero
685 4217 715 4270 in
734 4217 834 4288 quibus
847 4216 961 4272 tandem
981 4216 1114 4288 gentibus
1129 4215 1270 4271 Dominus
1292 4233 1363 4288 pree·

271 4291 394 4357 liabitas,
404 4291 428 4346 ei
442 4309 499 4347 non
513 4290 541 4345 in
557 4290 590 4346 iis
605 4310 666 4363 quae
679 4293 855 4351 Hierusalem
870 4294 1060 4351 obsidebunt?
1075 4294 1187 4351 Iudicat
1195 4313 1262 4352 vero
1273 4295 1365 4367 ipsum
