3132 4714
67 287 108 298 —
117 273 198 340 321.
455 257 683 323 DEMONST.
707 258 876 322 EVANG.
900 256 978 322 VII.
997 277 1026 319 1.
1249 257 1310 322 641

207 423 414 524 δυνάμεσιν,
433 431 481 510 ὡς
500 425 606 525 οἶμαι,
626 427 837 530 ἀκαθάρτοις
864 431 922 507 καὶ
948 428 1073 526 ἀηδέσι
1093 428 1209 524 μυίαις
1227 429 1338 508 ὀνο-ο

207 553 429 655 μαζομέναις,
441 557 499 632 καί
518 556 636 651 μυίαις
649 562 913 656 Αἰγυπτιακοῖς,
929 556 1069 636 θυσίαις
1088 556 1146 632 καὶ
1164 553 1313 650 αἰμασιν

208 679 367 758 εἰδώλων
385 679 609 782 χαιρούσαις·
639 688 684 784 τῇ
708 681 745 760 δί
769 685 932 785 μελίσσῃ
951 679 1027 788 ζῴῳ
1047 680 1213 782 Χκέντρον
1231 681 1308 758 ε’πι-

208 803 405 912 φερομένῳ,
424 805 632 900 βασιλεύειν
651 842 688 887 τε
711 811 769 886 καί
787 807 1049 900 βασιλεύεσθαι
1067 808 1125 885 καί
1143 811 1312 902 πολεμεῖν

208 931 445 1037 ἐπισταμένῳ,
471 931 673 1028 ἀμύνεσθαί
698 967 735 1012 τε
766 937 823 1012 καί
854 933 1063 1035 τιτρώσκειν
1094 931 1198 1011 εἰδότι
1227 927 1332 1016 rodas

167 1073 226 1129 62t'
232 1056 522 1152 ἀνθισταμένους.
584 1057 727 1141 Ταύτας
759 1059 820 1137 οὖν
847 1062 937 1156 ὁμοῦ
964 1059 1223 1152 συνελθούσας,
1245 1056 1310 1142 τάς

207 1178 273 1277 μέν
299 1183 337 1259 ἐκ
365 1186 428 1279 τῆς
456 1189 528 1261 τῶν
551 1187 823 1287 εἰδωλολατρῶν
842 1184 971 1288 χώρας,
990 1184 1053 1266 τοίς
1082 1184 1119 1262 δὲ
1147 1182 1218 1262 ἀπὸ
1247 1188 1310 1280 τῆς

206 1313 280 1386 τῶν
298 1307 581 1388 κατευθυνόντων
603 1314 680 1409 γῆς,
702 1313 986 1412 (κατευθύνοντες
1012 1309 1083 1412 γὰρ
1110 1317 1142 1388 οἰ
1161 1310 1305 1388 Ἀσσύ-

205 1467 275 1535 ριοι
302 1435 579 1544 ἑρμηνεύονται,)
601 1435 760 1515 κελεύσει
778 1438 856 1515 Ζκαὶ
882 1435 1006 1538 ὥσπερ
1024 1439 1222 1537 συρίσματι
1244 1444 1308 1515 τοῦ
1321 1478 1350 1512 ιο

208 1563 342 1663 Κυρίου
368 1566 426 1640 καὶ
445 1567 540 1642 Θεοῦ
565 1568 638 1642 τῶν
657 1563 753 1642 ὅλων
775 1567 839 1660 τῆς
857 1564 1029 1644 Ἰουδαίας
1055 1562 1201 1658 ἁπάσης
1226 1563 1338 1648 ἐπι-(1

204 1689 407 1789 κρατήσειν,
426 1687 485 1768 διά
509 1688 576 1788 τὴν
600 1696 648 1773 εἰς
676 1689 840 1791 Χριστὸν
865 1688 1036 1768 ἀπιστίαν
1061 1690 1187 1784 αὐτῶν,
1208 1689 1306 1792 ε’ντῇ

204 1814 318 1920 ἡμέρᾳ
342 1823 406 1894 τοῦ
426 1815 671 1913 Ἐμμανουήλ,
698 1817 803 1920 φησί·
836 1815 1000 1913 σημαίνει
1026 1813 1064 1895 δέ
1088 1814 1147 1895 διὰ
1171 1815 1307 1894 τούτων

205 1937 289 2038 ἔθνη
308 1939 508 2043 ἀλλόφυλα
529 1944 587 2019 καί
605 1939 845 2041 στρατιωτικὰ
867 1939 1024 2038 οἰκήσειν
1042 1937 1109 2039 τὴν
1126 1941 1306 2041 Ἰερουσα-

164 2065 283 2162 6ςλὴμ
306 2069 363 2143 καί
388 2063 454 2164 τὴν
472 2066 647 2144 Ἰουδαίαν
665 2071 744 2165 γῆν,
798 2065 919 2167 Ὅπερ
939 2068 997 2144 καί
1020 2067 1040 2142 ὃ
1061 2065 1187 2168 Σωτὴρ
1205 2066 1329 2163 ἡμῶνς

205 2190 423 2293 λευκοτέρους
448 2189 623 2289 ὀνόμασιν
647 2189 839 2293 ε’θέσπιζεν,
865 2189 982 2285 είπίον,
1010 2199 1071 2271 καί
1088 2189 1307 2298 Ἰερουσαλὴμ

204 2315 302 2394 ἔσται
330 2313 516 2420 πατουμένη
542 2320 606 2397 inl
632 2315 731 2396 ε’θνῶν.
782 2315 837 2396 Ὃ
857 2322 914 2396 καί
942 2317 1067 2400 τέλους
1095 2317 1207 2420 ἔτυχε,
1230 2320 1304 2416 μετ’

203 2443 245 2521 οὐ
269 2443 388 2522 πολύν
411 2441 541 2546 χρόνον
566 2449 638 2522 τῶν
662 2453 726 2522 τοῦ
752 2449 917 2545 Σωτῆρος
944 2445 1044 2542 ἡμῶν
1067 2451 1198 2548 φωνῶν
1215 2444 1306 2524 Ῥω-

203 2570 319 2666 μαίων
331 2569 397 2665 τὴν
415 2568 525 2648 πόλιν
543 2569 710 2664 ἑλόντων,
721 2569 956 2672 ἀλλοφύλους
975 2603 1012 2648 τε
1032 2569 1164 2671 ἀνδρας
1182 2566 1304 2648 αὐτόθι
1316 2615 1345 2650 ιο

163 2691 484 2784 σικατοικισάντων
503 2697 561 2773 καί
578 2696 635 2773 ε’πί
651 2703 714 2773 τοῦ
732 2691 844 2773 τόπου
863 2690 1179 2790 καταστησάντων.
1226 2691 1304 2770 Ποί-

247 2883 261 2911 ¹
276 2872 382 2940 κέντρου
397 2871 425 2925 S.
531 2879 545 2924 l
559 2839 774 2942 ἀνθισταμένους]
793 2872 858 2925 Post
871 2871 899 2924 h.
911 2889 937 2926 v.
953 2869 1060 2940 signum
1074 2871 1092 2931 †
1106 2867 1184 2940 ponit
1199 2867 1228 2924 S.
1243 2885 1304 2922 cum

203 2951 282 3020 λὴπει
297 2951 357 3022 (aie)
372 2951 402 3004 in
416 2969 502 3022 marg.
586 2961 598 2988 ²
613 2951 703 3022 ὥσπερ
718 2953 835 3022 συρίσμιί
848 2951 886 3022 τι]
904 2951 944 3004 καί
959 2951 988 3004 ὡ.
1005 2947 1148 3021 συρίσμοτι
1163 2949 1192 3002 Ρ.

204 3093 280 3167 prius
294 3093 463 3150 simulachra
476 3094 654 3151 adorantium
669 3094 787 3157 animas,
797 3093 938 3150 autetiam
956 3091 1090 3166 quasdam
1105 3100 1134 3148 et
1143 3089 1302 3147 immundas

203 3183 232 3230 et
246 3173 363 3232 infestas
378 3183 542 3248 potestates,
558 3193 669 3231 muscas
682 3175 805 3232 arbitror
818 3173 967 3238 nominari,
982 3183 1011 3229 et
1026 3191 1138 3229 muscas
1149 3171 1302 3247 AEgyptia·

204 3273 259 3318 cas,
274 3273 337 3328 quaa
352 3255 496 3312 sacrificiis
514 3263 544 3311 et
562 3255 708 3312 cruoribus
722 3254 956 3312 simulachrorum
971 3253 1105 3328 gaudent.
1148 3253 1220 3326 Apis
1235 3270 1302 3308 vero

203 3343 246 3390 est
267 3335 371 3392 animal
392 3335 490 3392 aculeo
504 3344 653 3402 armatum,
668 3344 697 3392 et
712 3332 787 3410 quod
805 3335 944 3409 regnandi
965 3353 997 3390 ac
1017 3333 1068 3389 sub
1090 3351 1158 3406 rege
1180 3330 1303 3406 degendi

202 3415 381 3489 bellandique
395 3415 541 3472 scientiam
554 3415 648 3479 habet,
664 3423 693 3472 et
707 3415 802 3472 ulcisci
821 3433 854 3470 ao
868 3414 1015 3470 vulnerare
1037 3413 1218 3468 adversantes
1241 3410 1300 3465 ido-

202 3513 287 3552 neam
301 3505 353 3552 eat.
395 3495 490 3552 Hasce
504 3497 591 3570 igitur
610 3497 639 3551 in
660 3497 753 3552 locum
774 3514 860 3551 unum
875 3493 1085 3556 convenientes,
1102 3491 1170 3546 alias
1188 3489 1302 3563 quidem

202 3575 238 3632 de
252 3576 370 3650 regione
383 3595 481 3633 eorum
495 3577 543 3650 qni
557 3574 727 3632 simulachra
741 3575 869 3638 adorant,
885 3573 953 3629 alias
969 3590 1035 3628 vero
1055 3571 1090 3626 de
1104 3580 1180 3626 terra
1196 3569 1300 3643 guber-

201 3656 330 3712 nantium
348 3656 472 3731 (Assyrii
485 3657 561 3714 anim
575 3675 611 3712 ex
626 3654 858 3730 interpretatione
872 3651 995 3710 nominis
1012 3651 1203 3726 gubernantes
1218 3647 1300 3704 intel-

201 3736 342 3809 liguntur)
364 3737 446 3810 jussu
469 3745 498 3793 et
519 3737 598 3812 quasi
617 3735 775 3792 sibilatione
796 3734 911 3791 Domini
929 3744 958 3790 et
973 3731 1028 3789 Dei
1049 3749 1142 3787 rernm
1164 3729 1300 3794 omnium,

201 3816 309 3872 Judaeae
324 3817 461 3874 universae
482 3817 677 3891 imperaturas,
693 3824 809 3891 propter
830 3815 916 3889 ipsius
937 3811 1130 3882 inebriatum
1151 3808 1299 3866 increduli·

202 3905 291 3954 tatem
316 3897 364 3961 ait.
386 3897 415 3953 iu
440 3898 485 3954 die
506 3897 684 3954 Emmanuel.
730 3896 784 3952 His
805 3906 900 3952 antem
921 3893 1014 3950 verbis
1035 3890 1176 3966 significat
1200 3897 1301 3966 gentes

202 3985 335 4034 externas
362 3985 392 4034 et
416 3977 552 4034 militares
581 3977 755 4034 habitaturas
778 3975 957 4032 Hierusalem
980 3982 1009 4030 et
1030 3972 1161 4029 Jndaeam
1185 3981 1300 4028 terram.

203 4055 288 4123 Quod
302 4057 415 4130 quidem
430 4058 522 4132 ipsum
536 4056 757 4114 evidentioribus
766 4056 858 4113 verbis
873 4055 1005 4112 Salvator
1019 4065 1117 4109 noster
1131 4051 1241 4116 cecinit,
1252 4049 1301 4107 nbi

202 4137 251 4200 ait,
267 4135 310 4194 Et
333 4139 501 4196 Hierusalem
523 4138 724 4194 conculcabitur
737 4155 755 4191 ο
773 4137 907 4210 pentibus,
923 4134 998 4209 qnod
1012 4133 1156 4190 oraculum
1171 4131 1247 4188 baud
1261 4131 1302 4186 ita
1343 4145 1464 4196 Lucam.

202 4216 295 4273 multo
315 4228 382 4294 post
404 4217 465 4274 illas
488 4217 645 4274 Salvatoris
669 4216 760 4273 nostri
784 4234 867 4272 voces
891 4216 1000 4271 exitum
1023 4213 1140 4277 invenit,
1164 4209 1301 4268 Romanis

202 4295 293 4369 ipsam
315 4297 413 4353 urbem
435 4297 672 4372 expugnantibus,
688 4297 799 4370 illicque
819 4295 920 4352 diversi
938 4293 1052 4369 generis
1066 4293 1142 4350 viros
1159 4290 1299 4347 collocun-

244 4410 313 4449 VOL.
329 4411 363 4449 ll.
787 4410 806 4446 R
