3132 4714
246 246 311 312 oro
712 243 897 308 nusnnn
1276 335 1278 340 Ι
1322 267 1353 328 p.
1366 263 1490 330 323-

247 414 310 485 τοῦ
337 407 400 504 τῆς
428 406 621 504 ἐκκλησίαι·
648 413 712 485 τοῦ
731 411 895 507 Χριστοῦ
920 414 1012 485 λαοῦ
1032 411 1080 489 εἰς
1100 406 1163 486 δύο
1180 405 1348 507 τάγματα

248 532 467 637 διῃρημένου,
487 531 534 615 εἷς
557 565 595 611 τε
613 530 656 611 τὸ
680 539 753 611 τῶν
769 539 911 611 πιστῶν
935 538 993 611 καὶ
1014 539 1087 612 τῶν
1110 534 1258 632 μηδέπω
1284 538 1347 632 τῆς

249 658 307 738 διὰ
325 667 477 760 λουτροῦ
495 656 797 759 ιιπαλιγγενεσίας
816 657 1031 765 ἠξιωμένων,
1050 657 1102 742 οἷς
1115 661 1178 738 καί
1193 667 1308 764 φησιν
1327 661 1347 738 ὁ

249 791 341 868 θεῖος
369 782 585 882 ἀπόστολοι,
604 785 709 886 γάλα
737 788 828 888 ipris
856 785 1009 875 ἐπότισα,
1041 791 1075 864 οὐ
1100 786 1237 892 βρῶμα·
1267 785 1349 870 τοὺς
1361 825 1391 858 ιο

250 911 287 990 δὲ
306 914 343 991 ἐν
356 912 424 1011 ἤδη
443 910 641 1015 τελειοτέρᾳ
659 916 887 994 καθεστῶτας
903 913 974 1017 ἕξει
992 907 1147 1014 δάμαλιν
1161 912 1247 1004 βοάν
1261 910 1349 992 εἰκό-

250 1073 320 1122 τως
348 1042 531 1134 ἀποκαλεῖ,
550 1039 753 1138 γεννήματα
779 1038 1003 1141 τελειοτέραν
1028 1045 1127 1132 βοῶν
1149 1037 1346 1144 τυγχάνον-

251 1199 326 1261 τας,
345 1162 416 1248 olor
444 1163 548 1248 αὐτὸς
574 1162 620 1263 ἦν
644 1165 665 1242 ὁ
691 1162 909 1261 ἀπόστολοι,
926 1169 1007 1267 περὶ
1037 1165 1162 1243 ἑαυτοῦ
1190 1168 1250 1244 καὶ
1278 1172 1351 1244 τῶν

252 1290 516 1393 παραπλησίως
548 1291 644 1398 αὐτῷ
679 1288 885 1389 καμνόντων
916 1289 1047 1391 λέγων·
1081 1289 1128 1396 μλ
1159 1290 1220 1370 τάν
1253 1289 1352 1385 Ιβοῶν

216 1417 351 1526 quoiast
368 1427 415 1526 τῷ
434 1427 531 1527 Θεῷ,
560 1416 583 1518 ἦ
603 1418 645 1497 δι’
665 1419 757 1517 ἡμᾶς
774 1417 917 1503 πάντως
936 1417 1055 1519 λέγει,
1089 1417 1157 1516 Εἴη
1175 1417 1213 1498 δὲ
1232 1417 1276 1497 ἂν
1294 1421 1352 1497 καὶ
1360 1454 1392 1516 p.
1401 1448 1469 1516 324

252 1553 326 1626 πᾶν
343 1545 386 1626 τὸ
403 1543 524 1642 τάγμα
541 1550 613 1623 τῶν
628 1549 692 1643 τῆς
707 1546 899 1644 ε’κκλησίας
917 1544 1166 1647 προεστώτων,
1183 1547 1294 1647 ,ἀροῦν
1311 1579 1351 1625 τε

253 1677 312 1753 καὶ
329 1677 499 1775 γεωργεῖν
512 1669 576 1754 τὰς
590 1677 663 1750 τῶν
676 1670 874 1774 ἀνθρώπων
887 1669 1011 1777 ψυχάς
1029 1671 1350 1776 ἐγκεχειρισμένων,

256 1797 414 1904 δάμαλις
434 1796 669 1897 ὧνυμιισμάιη
694 1799 790 1896 βοάν,
810 1797 1013 1900 γεννήματα
1031 1797 1263 1902 τυγχάνουσα
1278 1804 1376 1888 τῶνε

256 1928 509 2004 ἁποστολικῶν
539 1922 682 2027 τράπων
714 1959 753 2004 τε
786 1928 845 2003 καὶ
875 1921 1106 2023 μαθημάτων,
1140 1923 1173 2003 oi
1209 1926 1269 2002 καὶ
1305 1929 1354 2008 εἰς

256 2059 430 2130 τοσοῦτον
452 2054 576 2152 ἀρετῆς
601 2050 787 2131 ἐπιδώσειν
805 2051 980 2152 λε’γονται,
1000 2053 1049 2133 ὡς
1073 2053 1111 2129 ἐκ
1135 2051 1354 2150 πολυγονίαι

255 2186 430 2257 τοσοῦτον
447 2177 726 2280 προβάλλεσθαι
750 2175 898 2276 γόνιμον
916 2179 974 2255 καὶ
1001 2173 1151 2277 λογικὸν
1172 2183 1249 2258 ταῖς
1274 2181 1350 2255 εἱσ-

257 2311 449 2405 αγωγικαῖς
479 2303 724 2386 διδασκαλίαις
755 2300 862 2405 γάλα,
882 2307 929 2386 ὡς
959 2305 1018 2382 καὶ
1045 2301 1183 2404 ἑτέρους
1212 2303 1357 2405 μυρίους

220 2463 249 2516 rr
258 2430 454 2536 τρέφεσθαι
472 2428 516 2536 ἐξ
531 2431 656 2511 αὐτῶν.
696 2426 896 2510 Τούτωνδὲ
913 2427 993 2530 πέρι
1011 2433 1083 2505 τῶν
1101 2425 1354 2531 καταλειφθέν.
1367 2465 1400 2501 ιο

257 2569 330 2635 των
354 2557 412 2636 ἐπὶ
438 2560 502 2654 τῆς
530 2561 597 2658 γῆς
624 2554 883 2657 γενησομενων,
903 2551 1022 2655 ἕτερόν
1039 2587 1074 2632 τι
1097 2551 1388 2652 συμβήσεσθαιο

258 2685 295 2761 ἐν
319 2687 365 2788 τῇ
391 2683 502 2788 ἡμέρᾳ
523 2685 644 2787 ἐκείνη,
664 2685 777 2781 δῆλον
795 2679 832 2760 δὲ
855 2678 910 2759 ὅτι
935 2682 973 2758 εὐ
991 2685 1042 2784 τῷ
1066 2677 1183 2786 χρόνῳ
1206 2683 1270 2778 τῆς
1292 2687 1357 2758 τοῦ

462 2865 707 2943 Ῑίπαλινῃινισῖοτ
722 2869 749 2924 S.
832 2864 841 2908 ¹
855 2871 931 2934 βοῶν
947 2869 977 2924 P.
993 2876 1023 2922 ut
1036 2869 1108 2940 vulg.
1126 2867 1152 2922 S.

260 3022 382 3087 ordines,
401 3040 487 3077 unum
511 3021 622 3096 quidem
647 3039 745 3078 eorum
770 3021 817 3095 qui
838 3020 964 3094 praesint,
983 3020 1054 3077 duos
1076 3028 1171 3077 autam
1195 3039 1293 3077 corum
1310 3020 1358 3094 qui

260 3101 379 3176 subJecti
404 3100 470 3164 sint,
493 3120 579 3174 quum
602 3101 727 3158 ecclesiae
752 3100 859 3158 Christi
882 3100 1002 3175 populus
1025 3100 1054 3157 in
1083 3101 1155 3158 duos
1183 3101 1297 3157 ordines
1321 3100 1359 3156 sit

261 3181 376 3246 divisus,
391 3180 420 3236 iu
434 3197 532 3236 eorum
546 3181 594 3256 qui
608 3182 736 3246 creduut,
749 3191 779 3239 et
793 3199 891 3238 eorum
905 3180 953 3255 qui
966 3181 1094 3237 noudum
1108 3181 1144 3237 ad
1157 3180 1262 3239 lavacri
1275 3199 1357 3255 rege·

261 3260 435 3317 neratiouem
450 3263 587 3336 assumpti
608 3271 683 3330 sunt,
698 3263 734 3318 ad
749 3281 820 3336 quos
834 3261 919 3318 etiam
937 3260 1047 3318 divinus
1068 3263 1214 3336 apostolus
1232 3262 1281 3329 ait,
1298 3261 1360 3318 Luc

260 3341 335 3397 vodis
349 3348 447 3416 potum
463 3342 526 3398 dedi
542 3361 595 3400 κον
615 3361 712 3400 escum.
756 3342 814 3399 Eos
828 3359 896 3399 vero
910 3341 958 3416 qui
975 3343 1112 3416 jamtum
1131 3342 1161 3398 in
1179 3342 1279 3399 habitu
1295 3359 1358 3415 per-

261 3421 378 3478 tectiore
392 3423 580 3488 constiterint,
588 3422 735 3495 juvencam
749 3425 827 3480 boum
842 3422 944 3478 merito
958 3423 1089 3496 appellat,
1105 3423 1207 3497 quippe
1226 3422 1275 3496 qui
1295 3439 1358 3495 per·

261 3501 411 3559 sectionum
434 3503 521 3560 boum
543 3503 628 3560 ioetus
651 3504 716 3568 siut,
740 3502 898 3579 cujusmodi
921 3502 981 3576 ipse
1002 3503 1057 3561 fuit
1080 3503 1234 3577 apostolus,
1256 3501 1360 3575 quide

158 3627 164 3639 .
186 3627 191 3646 ‚
212 3625 219 3640 .
262 3583 354 3657 seipso
369 3591 453 3658 atque
467 3583 511 3652 iis,
527 3584 574 3657 qui
588 3583 671 3640 simili
685 3583 770 3640 modo
785 3591 816 3640 ut
830 3583 889 3657 ipse
902 3582 1042 3650 laborant,
1058 3584 1098 3640 ita
1115 3583 1164 3648 ait,
1181 3581 1314 3655 Nunquicl
1326 3583 1361 3637 de

262 3663 348 3720 baluc
362 3683 427 3722 ιντο
441 3672 481 3720 ιιι
495 3664 587 3720 Deo?
607 3682 643 3720 an
657 3671 773 3738 propter
783 3681 834 3719 vos
845 3663 961 3719 omnino
972 3663 1063 3721 dicit?
1086 3664 1149 3720 Erit
1160 3670 1256 3719 autem
1267 3661 1361 3717 omnis

261 3763 373 3818 quoque
400 3743 471 3800 ordo
499 3761 606 3808 eorum,
630 3744 677 3818 qui
705 3742 830 3799 ecclesiae
857 3751 992 3817 praesunt,
1021 3745 1177 3818 quibusque
1204 3741 1303 3799 arandi
1331 3749 1361 3798 et

261 3823 373 3880 colendi
393 3823 501 3880 animas
522 3823 669 3880 hominum
690 3841 757 3880 curu
777 3823 911 3879 mandata
934 3832 987 3890 est,
1003 3821 1126 3895 juvence
1146 3823 1226 3880 doum
1245 3821 1361 3878 uomiue

262 3903 447 3976 significatus,
462 3904 564 3978 quippe
585 3904 632 3978 qui
651 3902 869 3976 apostolicorum
889 3903 994 3960 rituum
1009 3921 1042 3959 uo
1057 3912 1262 3978 preceptorum
1276 3901 1361 3957 foetus

262 3983 374 4048 existat,
388 3985 491 4059 quique
512 3984 598 4041 etiam
619 3984 648 4041 in
662 3984 869 4057 virtutemque
884 3984 955 4040 adeo
968 3984 1175 4040 incrementum
1194 3991 1361 4056 accepturae

262 4062 374 4134 dicitur,
399 4071 432 4120 nt
459 4083 494 4122 ex
519 4064 603 4122 foetus
630 4063 837 4138 multiplicitate
864 4070 975 4120 tantum
1003 4065 1134 4141 genitalis
1161 4062 1362 4136 rationalisque

262 4144 343 4200 lactis
362 4145 572 4200 introductoriis
593 4145 728 4201 doctrinis
748 4145 785 4200 sit
799 4143 979 4209 suffecturus,
994 4151 1026 4200 ut
1040 4163 1125 4201 exeo
1143 4141 1363 4200 innumerabiles

263 4221 310 4276 alii
324 4221 465 4276 nutriendi
480 4222 546 4277 aiut.
589 4224 677 4280 Porro
694 4242 779 4297 quum
799 4224 859 4279 haec
873 4223 917 4288 iia,
933 4223 981 4297 qui
996 4224 1024 4279 in
1038 4232 1115 4280 terra
1135 4224 1226 4282 relicti
1246 4222 1361 4286 luerint,

263 4300 358 4354 futura
378 4305 437 4353 tum
460 4309 563 4366 essent,
578 4301 652 4357 aliud
674 4303 806 4374 quiddam
828 4304 857 4358 in
878 4303 923 4360 die
944 4303 1001 4368 illa,
1018 4313 1145 4379 tempore
1160 4303 1292 4361 videlicet
1311 4302 1363 4359 ad·
