3130 4722
249 267 313 331 744
724 261 909 326 EUSEBlI
1322 273 1503 342 p374-

247 421 551 522 καθιστάμενοι,ἡ
580 419 618 499 δὲ
644 431 707 500 τοῦ
725 420 843 500 Ἰούδα
867 420 968 526 φυλὴ
996 422 1092 526 αὐτῷ
1121 419 1211 498 ἔθνει
1238 421 1346 498 παντὶ

246 559 311 630 τοῦ
328 550 372 654 ἐξ
388 555 513 631 αίιῦνος
531 550 679 652 ἀρχικοῦ
699 550 756 627 καὶ
781 555 975 640 βασιλικοῦ
999 546 1200 652 ἀξιώματος
1219 551 1345 625 καθαι-

245 683 401 779 ρεθεῖσα,
420 683 493 758 τοῖς
512 674 639 754 ἐίσέτι
667 676 725 752 καὶ
754 682 816 752 νῦν
845 682 1037 776 κρατοῦσιν
1065 673 1109 779 ἐξ
1131 673 1260 753 ἐκείνου
1288 675 1348 752 καὶ

247 806 295 882 είς
323 803 425 902 δεῦρο
453 797 609 878 δουλεύει
626 797 824 896 Ῥωμαίοις,
842 798 932 894 μετὰ
958 803 1031 875 τῶν
1059 803 1196 876 λοιπῶν
1219 799 1276 875 καὶ
1303 795 1349 874 τὸ

247 926 426 1005 Ἰουδαίων
444 925 543 1008 ἔθνος
562 921 861 1027 ιχειρωσαμένου,
879 923 962 1024 παρ’
983 919 1033 1002 ὧν
1052 921 1229 1024 Ἡρώδης,
1247 927 1342 1024 πρῶ·
1361 963 1394 997 ιο

248 1085 310 1134 τος
339 1052 383 1158 ἐξ
409 1049 626 1156 ἀλλοφύλου
657 1049 779 1150 γε’νους
810 1049 979 1153 ὑπάρχων
1010 1051 1105 1131 ίδίως
1131 1057 1196 1127 τοῦ
1225 1047 1347 1128 ἔθνους

248 1179 375 1272 αὐτῶν,
394 1175 463 1257 ῦιτό
481 1210 520 1255 τε
539 1174 753 1277 Αὐγούστου
771 1177 829 1253 καὶ
851 1179 915 1272 τῆς
932 1175 1119 1273 Ῥωμαίων
1137 1170 1347 1274 συγκλήτου

206 1339 237 1381 44
245 1309 381 1402 βουλῆς
400 1301 599 1398 1’βασιλεὺς
623 1301 873 1380 ἀναδέδεικται.
926 1297 1004 1378 Ἦν
1032 1308 1119 1400 γοῦν
1141 1301 1161 1377 ὁ
1180 1299 1379 1401 Ἡρώδηςο

246 1429 486 1530 Ἀντιπάτρου
511 1435 605 1522 ταῖς,
632 1428 651 1504 ὁ
675 1425 712 1506 δὲ
736 1427 974 1527 Ἀντίπατρος
995 1425 1279 1523 Ἀσκαλωνίτης,
1306 1424 1346 1502 ἔκ

245 1590 339 1638 τινος
367 1561 438 1634 τῶν
464 1556 545 1654 περὶ
572 1552 635 1631 τὸν
664 1551 751 1632 νεάν
778 1559 843 1630 τοῦ
867 1550 1105 1634 ’Λπόλλωνος
1134 1552 1348 1652 ἱεροδούλων

246 1681 483 1778 καλουμένων,
502 1677 541 1763 ὃς
562 1678 607 1778 δὴ
635 1678 820 1781 Κυιτρίνην
845 1677 1002 1776 ὀνόματι,
1020 1677 1063 1756 τὸ
1086 1678 1187 1778 γένος
1212 1684 1283 1756 τῶν
1305 1678 1372 1784 ἐξε

246 1808 431 1908 Ἀραβίας,
445 1811 594 1906 γυναῖκα
612 1801 703 1907 πρὸς
721 1805 839 1904 γάμον
860 1802 1083 1905 ἀγαγόμενος
1100 1802 1165 1882 τὸν
1176 1803 1347 1906 Ἡρώδην

206 1939 427 2012 ιε’ποιεῖται.
490 1932 609 2016 Οὗτος
638 1929 682 2028 δὴ
716 1931 778 2010 οὖν
804 1937 946 2031 πρῶτος
970 1931 1009 2009 ἐκ
1037 1929 1197 2009 τοιούτου
1223 1929 1348 2030 γένους

247 2058 451 2161 ὁρμώμενος
487 2056 550 2138 τὸν
587 2060 626 2138 ἐκ
660 2061 827 2162 διαδοχῆς
863 2063 935 2135 τῶν
966 2056 1156 2159 ἀρχιερέων
1191 2058 1349 2135 ῦστατον

247 2183 475 2286 ἡγησάμενον
493 2182 679 2286 Ὑρκανὸν,
705 2184 760 2288 ἐφ’
780 2183 823 2262 δν
846 2183 891 2262 τὰ
918 2187 983 2280 τῆς
1008 2182 1135 2265 οἰκείας
1153 2183 1264 2286 ἀρχῆς
1283 2189 1348 2260 τοῦ

248 2312 428 2390 Ἰουδαίων
441 2311 562 2394 ἔθνους
577 2307 785 2416 κατέληξεν,
797 2307 957 2389 ἐκποδὼν
970 2309 1185 2407 μεθίστησιν
1199 2308 1346 2406 ἀνελὼν,
1360 2339 1392 2373 ¹0

248 2433 389 2537 πρῶτός
416 2469 455 2514 τε
483 2433 599 2531 αὐτὸς,
618 2439 665 2548 ὡς
688 2435 788 2540 ἔφην,
807 2434 852 2540 ἐξ
874 2432 1090 2538 ἀλλοφύλου
1117 2433 1241 2535 γε’νους
1258 2435 1375 2513 'Iov-c

250 2559 357 2639 δαίων
397 2561 648 2662 ἀναγορεύεται
685 2559 871 2654 βασιλεύς·
922 2563 1003 2639 καθ’
1043 2557 1083 2636 ὃν
1119 2559 1348 2659 γεννηθέντος

249 2689 373 2785 Ἰησοῦ
391 2694 455 2766 τοῦ
472 2692 647 2788 Χριστοῦ,
666 2685 846 2790 καθῄρητο
869 2684 933 2782 μὲν
952 2686 1042 2783 ὁμοῦ
1065 2688 1122 2764 καὶ
1148 2689 1211 2783 τῆς
1229 2685 1350 2765 Ἰούδα

294 2849 306 2882 ⁸
320 2841 371 2914 ἔτι]
389 2841 470 2896 είσίτι
485 2841 515 2894 Ρ.
639 2839 650 2880 l
664 2839 860 2909 χειρωσαμίνων
875 2839 906 2893 Ρ.
1024 2847 1041 2878 ῑῑ
1054 2841 1168 2906 βασιλῆς
1180 2839 1307 2903 βασιλεὺς
1321 2841 1350 2894 S.

253 2931 266 2958 ¹
281 2923 385 2990 ποιῆται
400 2923 427 2974 S.

253 3041 348 3102 duces,
371 3039 417 3113 qui
440 3041 519 3114 genti
541 3039 733 3114 praesiderent,
756 3039 817 3113 ipsa
835 3055 902 3095 vero
922 3037 1013 3094 tribus
1033 3037 1108 3094 Juda
1128 3055 1185 3094 una
1203 3056 1267 3094 cum
1290 3047 1352 3096 tota

253 3129 339 3194 geute
359 3120 517 3195 principatu
538 3138 571 3176 ac
593 3139 692 3193 regno,
712 3119 789 3194 quod
808 3119 844 3176 ab
865 3118 946 3175 initio
963 3116 1132 3182 obtinuerat,
1148 3118 1276 3192 spoliata.
1291 3119 1350 3175 Ro-

252 3199 344 3256 manis
358 3200 442 3256 etiarn
465 3219 539 3257 nunc
561 3200 771 3257 dominantibus
792 3218 827 3256 cx
847 3199 895 3255 illo
914 3199 950 3255 ad
969 3199 1045 3255 hunc
1060 3216 1149 3272 usquc
1164 3199 1238 3255 diem
1259 3198 1352 3256 famu.

252 3281 335 3346 latur,
359 3279 407 3354 qni
435 3299 491 3337 una
518 3299 583 3337 cum
610 3281 725 3355 reliquis
752 3280 887 3354 gentibus
909 3279 995 3336 etiam
1019 3278 1134 3335 ludaeos
1163 3279 1311 3353 subegere,
1334 3299 1354 3336 a

252 3361 353 3436 quibus
376 3361 443 3418 item
471 3361 600 3418 Herodes
624 3363 733 3434 primus
751 3369 870 3417 externo
894 3377 999 3434 genere
1021 3367 1109 3422 onus,
1127 3367 1156 3414 et
1173 3360 1352 3433 imperatoris

252 3441 376 3518 Augusti
400 3451 429 3498 et
455 3442 576 3498 Romani
598 3451 713 3498 senatus
736 3441 907 3497 authoritate
931 3457 982 3496 rex
1008 3439 1166 3496 declaratus
1188 3447 1242 3496 est.
1285 3439 1353 3498 Fuit

252 3522 341 3596 igitur
354 3523 498 3597 Antipatri
518 3523 593 3579 filius
609 3521 656 3578 hic
671 3521 812 3578 Herodes.
854 3521 921 3595 lpse
936 3538 1003 3576 vero
1021 3518 1173 3593 Antipater
1186 3519 1352 3576 Ascalonita

253 3603 288 3660 ab
309 3621 407 3660 eorum
428 3602 524 3658 nescio
546 3621 602 3676 quo
623 3609 711 3668 ortus,
727 3602 774 3676 qui
787 3600 817 3657 in
831 3601 938 3674 templo
953 3599 1093 3674 Apollinis
1106 3609 1262 3665 versantes,
1278 3601 1351 3657 sacri

253 3683 326 3740 servi
354 3682 576 3759 appellabantur.
627 3682 684 3750 Qui
712 3701 798 3756 quum
826 3699 943 3738 uxorem
972 3680 1099 3736 duxisset
1126 3680 1276 3753 quandam,
1305 3681 1352 3737 cui

252 3781 356 3820 nomen
382 3763 495 3837 quidem
517 3763 657 3837 Cyprinoe,
677 3780 768 3835 genus
788 3779 856 3817 vcro
878 3779 914 3818 ex
932 3761 1047 3824 Arabia.
1067 3759 1211 3816 Herodem
1234 3761 1349 3817 creavit.

254 3844 310 3901 Hic
325 3843 412 3918 igitur
426 3844 533 3918 primus
547 3843 595 3900 tali
610 3860 714 3916 genere
729 3850 813 3897 natus
836 3841 1011 3917 Hyrcanum,
1027 3840 1075 3914 qui
1096 3840 1211 3914 ultimus
1230 3859 1266 3897 ex
1287 3859 1350 3897 suc·

253 3923 380 3980 cessione
401 3943 435 3980 ac
459 3924 530 3980 serie
551 3923 716 3998 pontificum
737 3921 845 3978 Judaei·
866 3922 977 3995 praefuit
1000 3920 1078 3977 etin
1100 3938 1155 3993 quo
1178 3920 1362 3994 domesticus,

252 4003 378 4059 Judaicoe
392 4005 487 4078 gentis
509 4004 681 4079 principatus
702 4001 813 4066 defecit,
828 4009 960 4058 necatum
974 4001 1049 4058 tollit
1063 4001 1098 4057 de
1119 4000 1223 4057 medio.
1267 4001 1351 4074 leque

252 4082 369 4156 primns.
385 4091 416 4138 ut
430 4083 566 4148 dicebam,
582 4095 699 4140 externo
719 4101 824 4158 genere
845 4090 924 4138 ortus
937 4081 1103 4138 ludaeorum
1124 4099 1175 4138 rex
1191 4090 1236 4137 est
1254 4081 1350 4156 appel·

252 4161 334 4216 latus.
379 4161 473 4233 Hujus
497 4181 567 4236 ergo
592 4163 767 4236 temporibus
792 4181 876 4237 quum
897 4161 982 4218 Jcsus
1007 4161 1139 4218 Christus
1161 4169 1238 4217 esset
1256 4168 1350 4225 natus,

252 4238 333 4292 Judae
348 4238 438 4293 tribus
459 4239 583 4310 dignitas
604 4241 713 4296 sublata
733 4251 793 4297 est:
817 4241 957 4297 sublatum
977 4248 1021 4298 est
1034 4241 1198 4297 Judaeornm
1218 4249 1247 4298 et
1261 4240 1349 4314 irnpe-
