3142 4720
247 243 312 309 ποι
716 241 901 306 uusassu
1324 231 1489 316 p.280-
1557 335 1558 344 Ν

248 405 325 511 ἥξει,
346 408 393 488 ὡς
421 406 479 485 ἐπὶ
504 405 693 509 συντελείᾳ
719 411 783 481 τοῦ
811 407 937 484 αίῶνος
962 399 1111 505 ἥξοντος
1137 398 1247 475 αὐτοῦ
1272 391 1387 473 ἀπὸιο

249 537 321 610 τῶν
343 529 434 610 κατὰ
456 529 502 608 τὰ
527 528 626 609 νότια
643 529 732 630 με’ρη
755 536 818 607 τοῦ
840 529 1004 628 οὐρανοῦ·
1032 519 1344 622 μεταλαμβάνεται

212 657 320 759 ιογὰρ
339 656 484 754 Θαιμᾶν
501 663 549 741 είς
566 655 629 735 τὸν
648 654 761 734 νότον.
807 653 944 753 Διόπερ
963 653 983 728 ὁ
1002 650 1203 730 Θεοδοτίων
1220 654 1371 726 τοῦτονῦ

249 782 445 884 Ρὲρμηνεύει
469 779 532 862 τόν
554 779 699 884 τρόπον,
723 791 738 861 ί
765 783 850 864 &sir
878 777 949 858 cirri
976 780 1074 857 νοτίου
1102 776 1178 882 ἥξοι.
1226 772 1282 852 Τὸ
1309 770 1347 850 δὲ

249 909 332 1014 ἑξῆς
356 910 546 1011 εἰρημένον,
566 918 625 987 καί
650 917 664 988 ι’
691 905 790 1009 ι’ίγιος
816 907 851 1012 ἐξ
877 908 963 1010 ὄρους
991 903 1193 989 κατασκίιυ,
1214 895 1345 986 ύασὲις,

250 1031 399 1130 νοήσεις,
427 1036 597 1134 παραθεὶς
626 1031 690 1115 τὰς
717 1035 829 1114 οὕτως
858 1029 1012 1134 ἐχούσας
1040 1030 1076 1106 ἐν
1104 1031 1155 1131 τῷ
1184 1023 1347 1128 Ζαχαρία

250 1155 384 1260 φωνὰς,
402 1157 587 1260 “Eripere
613 1154 667 1248 riu
696 1155 809 1245 eriere,
841 1166 901 1235 καὶ
932 1150 998 1240 ίιίοῖι
1026 1149 1101 1256 ιἰνῆρ
1130 1148 1371 1242 ἑπιβτβκκῶςε

252 1284 307 1362 ἐπὶ
328 1282 434 1363 ’ίππιν
454 1285 577 1386 πυρρόν,
597 1298 656 1362 καὶ
684 1279 773 1366 οὗτος
800 1282 937 1373 εἱστήκει
963 1279 1030 1358 oiri
1054 1278 1153 1382 μέσον
1177 1276 1237 1355 τόν
1262 1275 1348 1378 ὁρίων

217 1408 312 1488 univ
332 1411 537 1489 κατασκίων.
569 1414 708 1488 Τοῦτον
721 1414 809 1508 γοῦν
827 1406 890 1486 τὸν
907 1401 1145 1504 ἐπιβεβηκότα
1163 1405 1219 1482 ε’πὶ
1237 1403 1348 1481 ἵππον

251 1531 397 1637 πυρρὸν,
416 1539 474 1614 καὶ
500 1537 642 1613 ἑστῶτα
669 1531 738 1612 ἀνὰ
764 1530 877 1629 με’σον
903 1538 974 1610 τῶν
1002 1532 1111 1632 ὀρέων
1139 1536 1212 1608 τῶν
1238 1562 1346 1607 κατα-

251 1662 374 1758 σκίων,
385 1659 493 1740 αὐτὸν
510 1662 662 1761 ἡγοῦμαι
680 1655 767 1738 εἶναι
785 1658 848 1737 τὸν
863 1661 900 1736 ἐν
918 1663 963 1762 τῇ
978 1655 1068 1754 μετὰ
1081 1662 1199 1760 χεῖρας
1217 1655 1346 1753 δηλού-
1358 1694 1391 1728 ιο

746 1779 756 1808 Ι
858 1779 870 1807 Ν
930 1778 947 1808 U
1061 1779 1079 1808 (Ι

207 1861 209 1866 .
251 1817 358 1881 μενον
382 1784 592 1888 προφητείᾳ,
610 1789 807 1887 φασκουσῃ
834 1815 897 1860 τον
924 1815 1026 1882 αγιον
1053 1779 1151 1884 ηξειν
1178 1779 1223 1884 ἐξ
1244 1777 1348 1880 ὄρους

251 1909 455 2004 κατασκίον,
480 1907 618 1991 δασέος.
666 1913 733 1988 Ἐν
761 1907 933 2009 ἑκατεροιο
961 1915 1049 2008 γοῦν
1077 1905 1143 2008 ὅρη
1171 1903 1379 1984 κατοίσκιαά

251 2031 427 2132 λε’λειιται,
440 2039 497 2114 καὶ
515 2036 667 2136 ἡγοῦμαι
677 2023 750 2114 ’τοῦ
767 2034 1001 2135 τπαραδείσου
1019 2041 1082 2110 τοῦ
1103 2037 1198 2111 Θεοῦ
1214 2027 1347 2134 τυγχά-

252 2194 334 2257 νειν,
353 2159 394 2240 όν
421 2160 615 2266 ἐφύτευσεν
641 2165 679 2240 ἐν
693 2160 803 2256 ‘Eub
828 2159 918 2239 κατὰ
945 2155 1175 2256 ἁνατολὰο,ἦ
1202 2160 1349 2254 καὶτῆς·

252 2286 459 2389 ἐπουρανίου
480 2285 732 2389 Ἰερουσαλήμ.
783 2287 867 2390 ”ops
895 2285 964 2390 γαρ
997 2283 1114 2391 κύκλῳ
1142 2281 1255 2375 oriris,
1287 2290 1347 2362 καὶ

216 2410 364 2520 ιιΚύριις
383 2410 500 2520 κύκλῳ
519 2416 573 2492 πού
592 2417 677 2492 λαοῦ
696 2415 806 2492 αὐτού.
840 2417 965 2492 Ταῦτα
983 2419 1071 2511 γοῦν
1090 2407 1147 2488 διὰ
1165 2407 1208 2487 τὸ
1225 2405 1373 2507 πλήρηε

252 2535 441 2641 τυγχάνειν
465 2540 568 2617 θείων
593 2537 773 2635 δυνάμεων
798 2543 856 2615 καί
880 2533 1090 2634 πνευμάτων
1105 2535 1220 2646 ,ἁγίων
1239 2538 1287 2617 ὡς
1305 2529 1350 2612 ἂν

253 2663 427 2768 σύμφυτα
454 2668 511 2744 καὶ
541 2668 738 2768 ἀμφιλαφῆ
767 2661 944 2743 κατύσκια
974 2661 1125 2762 λέγεται.
1177 2661 1283 2742 Ἀλλ’
1313 2663 1351 2738 ἐν

253 2787 318 2886 μὲν
335 2796 387 2897 τῷ
406 2792 570 2896 Ζαχαρία
588 2798 718 2897 σοφῶς
743 2788 833 2892 ἀνὴρ
857 2786 1092 2894 ἐποχούμενος
1110 2788 1208 2893 ίππιρ
1226 2790 1352 2891 πυρρῷ

430 2944 606 3016 Ρίρμηνεύειν
620 2948 647 2999 S.
729 2947 825 3016 (Νώρα
841 2945 867 2998 S.
952 2955 964 2985 f
979 2943 1134 3015 παράδεισος
1149 2942 1175 2996 S.

256 3097 339 3152 quom
359 3079 383 3134 si
404 3079 434 3134 in
453 3081 696 3136 consummatione
717 3079 811 3136 saeeuli
830 3079 890 3153 ipse
911 3085 1046 3135 venturus
1068 3079 1105 3133 sit
1125 3078 1161 3134 ab
1182 3077 1226 3144 iia,
1247 3077 1295 3152 qui
1316 3077 1353 3132 ad

255 3158 392 3215 australes
419 3159 483 3215 coeli
506 3167 601 3234 partes
625 3168 763 3233 spectent.
806 3159 951 3233 Accipiter
977 3159 1053 3216 euim
1074 3157 1210 3215 'Iboeman
1239 3177 1291 3232 pro
1317 3176 1353 3214 eo

257 3238 333 3311 quod
355 3247 399 3294 est
423 3249 526 3296 auster.
569 3239 710 3308 Quocirca
725 3239 904 3297 Theodotion
928 3239 965 3296 ad
988 3239 1064 3296 hunc
1085 3238 1286 3312 interpretatus
1308 3246 1355 3294 est

257 3319 383 3382 modum,
396 3319 477 3376 Deus
489 3321 524 3377 ob
538 3328 631 3376 austro
645 3319 739 3377 ueniet.
783 3321 868 3388 Quod
882 3329 977 3377 autem
992 3318 1127 3394 sequitur,
1142 3318 1182 3375 Et
1194 3326 1307 3375 οοκοινι
1321 3320 1355 3374 de

257 3407 347 3456 monte
366 3400 489 3456 umbroso
509 3405 598 3466 denso.
620 3402 724 3476 poteris
746 3400 914 3476 intelligere.
931 3400 954 3456 si
973 3419 1035 3474 qua
1054 3399 1083 3456 in
1104 3398 1243 3455 Zacharia
1261 3399 1302 3456 sic
1323 3417 1355 3454 se

257 3479 363 3538 babent
381 3482 546 3556 apposueris
560 3500 653 3547 voees,
674 3481 736 3539 Vidi
744 3501 797 3558 per
810 3490 922 3545 αοοιιαι,
939 3488 965 3536 et
983 3499 1041 3537 ecoe
1054 3483 1096 3536 uir
1110 3481 1257 3536 oscendere
1272 3497 1355 3553 ruper-

256 3580 352 3636 equum
365 3563 464 3638 rufim.
479 3570 506 3618 et
526 3563 572 3620 Ιιὶο
590 3565 679 3620 stabo!
702 3565 889 3620 intermontes
903 3561 1048 3617 umbroror.
1092 3559 1178 3616 Hunc
1199 3559 1287 3634 igitur
1307 3559 1355 3633 qui

257 3643 385 3699 aseendit
406 3662 491 3718 super
517 3663 620 3718 equum
649 3643 752 3708 rufum,
776 3651 806 3699 et
828 3639 934 3698 insistit
955 3641 1029 3697 inter
1057 3649 1168 3696 montes
1196 3640 1355 3706 umbrosos,

257 3722 350 3798 ipsum
372 3721 449 3779 ilium
471 3732 540 3798 puto
561 3743 632 3788 esse,
652 3723 699 3798 qui
720 3723 748 3779 in
765 3721 898 3797 presenti
920 3719 1069 3795 prophetia
1089 3721 1274 3794 significatur,
1292 3738 1355 3795 qun

258 3801 306 3865 ait,
322 3811 451 3859 sanetum
466 3812 616 3861 venturum
637 3805 673 3860 de
694 3813 791 3860 monte
805 3803 939 3859 umbroso
956 3801 1054 3859 denso.
1098 3800 1185 3858 Certe
1206 3800 1355 3874 utrobique

251 3893 371 3938 mes
394 3884 520 3940 umbrosi
540 3885 689 3941 habentur.
735 3883 772 3939 Et
793 3883 915 3939 arbitror
934 3900 997 3938 esse
1018 3900 1067 3938 eos
1089 3881 1118 3937 in
1139 3881 1270 3956 paradiso
1287 3879 1355 3944 Dei,

259 3979 342 4034 quem
370 3961 508 4034 plantavit
531 3965 560 4021 in
584 3965 672 4021 Edem
698 3964 734 4021 ati
759 3963 907 4028 orientem,
932 3962 1089 4020 autetiam
1111 3962 1186 4035 apud
1210 3961 1356 4018 ooelestem

96 4047 130 4090 1⁸⁵·
143 4055 186 4096 υς,
197 4058 215 4088 ²·
261 4041 449 4110 Hierusalem,
474 4043 588 4102 Montes
608 4047 677 4102 enim
704 4046 869 4101 incircuitu
892 4042 959 4116 ejus,
981 4051 1008 4099 et
1031 4043 1169 4099 Dominus
1193 4045 1220 4098 ίκ
1242 4042 1357 4098 circuitu

257 4123 353 4194 popuii
373 4124 424 4178 rui.
467 4124 505 4179 Hi
520 4143 590 4200 ergo
604 4134 725 4189 montes,
739 4143 774 4181 eo
791 4125 867 4199 quod
886 4123 987 4180 divinis
1006 4122 1194 4197 potestatibus
1208 4131 1238 4178 et
1251 4121 1358 4178 sanetis

260 4199 403 4273 spiritibus
417 4203 512 4259 referti
527 4203 593 4268 sint,
609 4205 688 4277 quasi
709 4205 810 4261 consiti
825 4215 853 4260 et
866 4204 946 4277 large
960 4203 1004 4259 bis
1018 4203 1215 4266 exuberantes,
1230 4201 1357 4258 umbrosi

260 4279 400 4337 dicuntur.
444 4283 482 4338 Et
496 4283 524 4338 in
539 4282 675 4339 Zacharia
694 4284 808 4358 quidem
830 4285 911 4358 plane
926 4283 969 4338 vir
982 4283 1115 4346 cernitur,
1131 4283 1178 4356 qui
1199 4301 1272 4356 equo
1293 4281 1358 4338 rufo
