3108 4708
256 263 322 333 9⁵6
706 264 893 329 nosnuu
1346 264 1492 347 puu-

91 435 215 533 rabbat·
257 431 473 522 ἀδαμαντίνη,
498 433 779 524 ἐ’γκεκολαμμένη
803 433 858 501 ἐπὶ
888 437 952 502 τοῦ
980 435 1123 513 στήθους
1147 439 1206 514 τῆς
1235 429 1368 527 καρδίας

92 517 125 570 ⁸⁰
138 538 197 618 Ὗ
257 548 369 633 αὐτοῦ,
392 548 445 615 καὶ
473 556 545 622 τοῖς
571 547 684 640 κέρασι
712 551 778 616 τῶν
808 546 1048 641 θυσιαστηρίιον
1078 549 1195 627 ’ἡμῶν
1245 545 1399 621 Ἠνίκαδ

257 661 505 742 ἀναμνησθῶσιν
527 663 561 730 oi
583 661 643 731 uioi
668 662 772 730 αι’ττῶν
794 657 839 730 riu
866 665 1086 756 θυσιαστήρια
1112 662 1228 744 αὐτῶν,
1245 661 1297 731 καί
1320 659 1367 731 rb

257 772 347 855 ἄλση
374 775 478 844 αντῶν
506 775 560 843 ἐπί
591 773 692 866 ξόλου
720 773 848 858 δασέος,
874 774 927 845 καί
955 776 1010 844 e'rri
1039 777 1163 861 βουνῶν
1189 778 1367 870 μετεώρων,

258 889 353 985 ίσχόν
383 920 455 972 σου,
481 890 533 958 καί
563 887 691 966 πάντας
719 889 795 965 ’τοὺς
826 890 1005 986 θησανροιίς
1035 921 1097 960 σου
1127 893 1171 966 είς
1200 890 1392 986 πρανομίηνς

258 1001 362 1088 briam,
374 1005 426 1073 rai
443 1002 488 1074 τὰ
505 1001 624 1096 ὑψηλά
643 1035 705 1074 σον
721 1005 753 1073 ἐν
770 1005 918 1100 ἁμαρτίᾳ
936 1005 968 1073 ἐν
984 1007 1070 1074 πᾶσι
1088 1015 1160 1080 τοῖς
1176 1004 1278 1101 ὁρίοις
1294 1036 1368 1076 σον.

259 1117 330 1186 Καὶ
354 1119 574 1214 ἀφαιρεθήσῃ,
591 1118 644 1187 καί
668 1121 895 1210 τατεινωθῆση
917 1116 987 1188 ιἰπό
1008 1126 1068 1200 τῆς
1089 1120 1316 1215 κληρονομίας,
1333 1115 1370 1201 ἧς

256 1230 358 1302 ἕδωκό
382 1264 450 1318 σοι,
466 1232 519 1302 καί
543 1231 694 1318 ἀναβιβῶ
712 1262 752 1301 σε
774 1233 807 1301 ἒν
827 1241 900 1307 τοῖς
921 1233 1055 1328 ἐχθροῖς
1071 1263 1143 1314 σου,
1160 1234 1193 1302 ἐν
1209 1239 1251 1326 τῇ
1270 1239 1315 1326 γῇ
1335 1235 1370 1327 ’ᾗ

260 1348 316 1416 cuir
332 1347 442 1437 ἔγνως.
486 1345 571 1416 Ὀτι
589 1353 656 1440 πῦρ
673 1345 855 1416 ἐκκέκαυται
873 1345 905 1415 ἕν
920 1348 972 1436 τῷ
990 1351 1078 1436 θνμῷ
1093 1377 1167 1432 μου,
1183 1348 1241 1424 ἕως
1256 1350 1369 1424 αι’ὣνος
1380 1383 1412 1419 ιο

260 1463 467 1541 καυθήσεται.

237 1631 251 1664 ι
317 1595 363 1668 Ei
381 1593 440 1668 καὶ
457 1588 507 1689 μὴ
526 1588 625 1690 παρὰ
643 1596 716 1673 τοῖς
734 1588 777 1685 o',
791 1591 875 1668 ἀλλ’
891 1589 976 1668 'obv
994 1622 1037 1689 γε
1055 1592 1094 1668 ε’ν
1111 1596 1163 1696 τῷ
1180 1591 1370 1696 Ἐβραὶηῖ

260 1723 372 1794 ταῦτα
392 1712 550 1817 εὑρόντες
573 1719 631 1795 καὶ
652 1718 690 1794 ἐν
709 1723 786 1798 ταῖς
807 1722 880 1795 τῶν
898 1721 1037 1794 λοιπῶν
1055 1715 1279 1817 ἑρμηνευτῶν
1303 1719 1366 1794 ε’κ-

261 1839 420 1938 δόσεσιν,
440 1841 490 1919 ἔτι
517 1839 589 1939 μὴν
613 1841 704 1937 μετὰ
730 1841 963 1943 παραθείτεως
990 1842 1219 1943 ἀστερίσκων
1243 1844 1301 1920 καί
1329 1843 1369 1920 ἐν

261 1973 333 2049 τοῖς
353 1967 520 2069 ἀκριβέσι
535 1973 608 2045 τῶν
626 1965 726 2068 παρὰ
743 1973 817 2048 τοῖς
831 1962 1105 2064 Ἑβδομήκοντα
1123 1965 1369 2072 ἀντιγράφοις,

262 2095 465 2194 ἀναγκαίως
499 2092 591 2172 αὐτὰ
621 2092 877 2194 ’παρεθέμεθα
910 2087 973 2170 ἅτε
1006 2094 1064 2171 καί
1096 2093 1273 2192 ὀνομαστὶ
1304 2091 1410 2188 rbup.
1419 2102 1481 2184 485

261 2217 441 2319 προδότην
459 2218 577 2298 Ἰούδα
606 2221 796 2317 δηλοῦντα,
819 2222 878 2297 καὶ
902 2215 969 2316 τὴν
992 2218 1248 2319 πεπραγμένην
1272 2219 1370 2325 αὐτῷ

263 2345 439 2444 ἁμαρτίαν
473 2345 728 2448 ἀνεξόλειπτον
754 2342 841 2423 εἶναι
864 2342 1094 2423 διδάσκοντα.
1153 2350 1272 2424 Τοῦτο
1296 2343 1371 2448 γὰρ

261 2469 480 2548 αἰνίττεσθαί
498 2502 560 2566 μοι
579 2469 743 2567 δοκεῖτὸ,
763 2475 921 2577 ἁμαρτία
938 2469 1048 2551 'luido
1073 2469 1314 2576 ε’γγέγριιπτωι
1339 2474 1392 2562 ius

241 2587 561 2703 ςγραφείῳσιδηρῷ,
581 2595 611 2674 ἐν
626 2596 716 2691 bruxa
735 2591 963 2703 ἀδαμαντίνη.
1023 2595 1091 2694 Ε’ίη
1116 2597 1147 2674 δ
1167 2594 1212 2675 ἂν
1231 2598 1288 2676 καὶ
1310 2598 1368 2675 ἐπὶ

262 2727 336 2799 πᾶν
354 2721 396 2799 τὸ
412 2722 593 2800 Ἰουδαίων
611 2719 711 2803 ε”θνος
729 2719 988 2827 ἀναφερόμενα,
1007 2720 1060 2804 οἷς
1083 2721 1167 2826 ἑξῆς
1192 2723 1251 2800 καὶ
1278 2725 1367 2799 ἀκο·

305 2931 532 3002 1ἰ’κκεκολομμίνη
548 2932 608 2986 RS.
701 2931 812 3005 ῑὴμῶν]
832 2932 903 3000 ὑμῶν
918 2933 948 2985 P.
1031 2931 1101 3007 tto]
1118 2927 1180 3001 ᾔΡ.
1274 2942 1290 2974 ¹¹
1304 2931 1365 3008 abo]

265 3007 312 3063 οὖν
325 3033 356 3081 γε
371 3013 397 3064 S.
479 3019 495 3050 ¹
509 3010 672 3082 παραθίμεθα
688 3012 715 3064 S.

103 3191 191 3234 numus
269 3178 358 3243 Quum
377 3181 513 3234 recordati
527 3179 639 3254 suerint
653 3179 712 3254 filii
725 3199 818 3236 eorum
831 3197 944 3237 orarum
957 3198 1067 3236 suarum
1080 3189 1108 3237 et
1122 3180 1244 3238 lucorum
1258 3199 1369 3240 sumum

103 3242 233 3334 ffflffl'
266 3261 295 3316 iu
310 3259 385 3332 liguo
398 3261 478 3314 denso
489 3267 516 3315 et
530 3262 557 3315 iu
571 3261 684 3316 collibus
698 3263 816 3326 excelsis,
827 3261 910 3316 robur
919 3268 995 3316 tuum
1008 3269 1035 3318 et
1046 3279 1138 3317 omues
1150 3260 1294 3318 tberauros
1308 3270 1370 3318 tuos

267 3341 295 3397 iu
308 3339 485 3414 direptionem
501 3340 579 3403 dabo.
594 3349 621 3396 et
635 3343 737 3397 excelsa
753 3349 800 3397 tua
814 3344 842 3397 iu
851 3348 966 3416 peccato
979 3344 1007 3396 iu
1023 3341 1253 3415 corniburfiuibus
1268 3345 1328 3405 tuis,
1342 3351 1369 3398 et

260 3420 415 3496 privaberis
428 3429 454 3476 et
469 3420 654 3477 humiliaberis
667 3422 700 3476 ab
719 3422 884 3485 hereditate,
899 3439 978 3494 ηιιαιιι
998 3423 1061 3477 dedi
1082 3421 1139 3484 tibi,
1154 3428 1181 3476 et
1203 3422 1368 3496 transferam

267 3510 293 3558 te
307 3502 345 3557 ad
357 3503 478 3557 inimicos
492 3508 552 3556 tuos
565 3501 593 3557 iu
610 3507 709 3557 terram
723 3519 806 3575 quam
820 3519 874 3557 unu
887 3504 977 3557 uarii:
1001 3503 1127 3574 quoniam
1147 3502 1219 3576 ionis
1239 3519 1368 3559 accensus

267 3589 307 3638 ert
321 3584 348 3637 iu
354 3581 458 3657 furore
471 3599 537 3645 oreo,
552 3599 635 3654 usque
654 3584 682 3636 iu
700 3581 828 3638 seculum
844 3577 958 3638 ardebit.
999 3581 1125 3637 Tametsi
1139 3581 1199 3637 hec
1214 3600 1272 3638 non
1290 3581 1369 3656 apud

268 3680 326 3718 uxx
340 3669 465 3718 ettamen
479 3660 509 3717 in
525 3661 667 3717 Hebraico
681 3661 757 3717 necti
771 3670 856 3736 utque
876 3662 906 3716 in
920 3661 1092 3735 reliquorum
1105 3661 1291 3734 interpretum
1306 3661 1367 3718 edi·

267 3741 401 3806 tionibus,
416 3741 485 3798 item
505 3740 535 3796 in
556 3740 785 3815 exquisitioribus
806 3760 917 3815 quoque
938 3739 1064 3815 ipsorum
1083 3759 1142 3797 nux
1160 3741 1368 3816 exemplaribus

268 3841 333 3880 cum
348 3822 524 3898 appositione
538 3820 722 3886 stellulerum,
737 3822 896 3879 necessario
916 3840 951 3878 ee
971 3821 1163 3896 apposuimus,
1177 3829 1312 3895 tunquam
1333 3841 1369 3878 ea

269 3921 331 3976 quoe
355 3902 522 3960 nominatim
544 3902 636 3976 ipsum
660 3902 833 3976 proditorem
852 3901 956 3958 Judum
979 3901 1150 3976 significent,
1170 3909 1200 3957 et
1219 3911 1367 3975 peccatum

270 3982 344 4055 quod
366 3983 401 4038 ub
423 3983 471 4040 illo
492 3982 673 4039 commissum
695 3991 739 4038 est
757 3983 818 4038 fieri
838 4000 896 4038 non
918 4000 1002 4056 posse
1023 3990 1055 4038 ut
1071 3999 1196 4056 unquam
1212 3982 1368 4038 aboleatur.

270 4059 335 4117 Hoc
349 4062 423 4118 enim
439 4063 509 4118 mihi
523 4064 633 4120 videtur
654 4062 814 4138 significare
835 4063 913 4126 illud,
929 4063 1078 4119 Peccatum
1092 4062 1168 4118 Judo
1183 4062 1369 4136 scriptumest

269 4140 443 4210 styloserreo
458 4145 485 4195 iu
500 4159 589 4212 ungue
601 4145 782 4200 adamantino.
811 4143 947 4199 Poterunt
962 4142 1030 4198 item
1044 4142 1143 4198 reterri
1156 4141 1192 4197 ed
1206 4142 1368 4198 universam

269 4215 555 4288 iudaicumfgentem,
570 4221 670 4290 quibus
693 4221 826 4295 deinceps
846 4223 909 4295 ipso
928 4222 1026 4279 ordine
1047 4230 1113 4296 post
1127 4221 1254 4295 ipsorum
1275 4221 1369 4278 seclus

270 4291 427 4353 indelebile,
444 4300 608 4358 extremam,
620 4316 682 4368 qnae
693 4299 769 4370 ipsos
783 4301 915 4374 punitura
929 4310 982 4366 est,
993 4301 1147 4374 perniciem
1158 4301 1367 4366 interminatur,
