3108 4708
66 256 196 322 -49ο,
459 242 687 310 DEMONST.
713 245 882 311 EVANG.
907 249 953 311 X.
969 248 999 310 8.
1245 248 1307 316 971

208 399 265 494 τῆς
289 401 353 504 yla·
384 400 443 490 ἕως
469 404 556 512 ω’ροος
580 406 705 497 ἐνάτης.
765 413 893 521 Kale}
921 406 1014 520 ἐνάτῃ
1041 408 1108 516 ὦρον
1136 407 1266 500 ν’βέησεν
1294 417 1309 487 i

207 525 330 618 Ἰησοῦς
355 536 442 639 φωνῇ
467 527 608 642 μεγάλῃ
630 529 752 632 λέγων·
782 527 899 612 (Ἠλιὶ
924 535 1021 611 Ἠλεὶ
1047 534 1154 635 λοιμοῖ
1181 533 1335 624 celia-0

206 649 354 746 χθων),ὀ’
383 655 453 732 ἐστι
477 652 785 762 μεθερμηνευόμενον,
806 665 821 737 ο’
845 659 930 742 Θέος
956 665 971 737 ο“
995 658 1082 741 Θιές
1106 693 1183 760 μον,
1204 665 1250 742 οἱς
1277 659 1312 735 τί

207 775 437 878 ἐγκατέλιπές
455 814 519 884 με,
552 785 615 861 καί
631 817 711 868 τινος
730 783 791 862 των
809 782 1019 864 ἀκουσάντων
1044 782 1168 886 έλνγον,
1185 787 1308 863 Ἠλίαν

208 908 318 1008 φωνεῖ.

170 1073 198 1122 ¹5
263 1041 354 1146 Φέρε
388 1044 432 1146 δὴ
464 1049 527 1126 οὖν
558 1049 695 1133 τούτοις
724 1052 930 1134 ἀκολούθως
961 1051 1099 1150 ἴδωμεν,
1128 1051 1224 1135 ὅπως
1261 1059 1330 1136 ries

207 1169 315 1249 αι’πὸν
347 1170 622 1276 ἀνενεχθῆσεται
652 1174 699 1253 τὰ
728 1175 787 1255 διὰ
813 1185 877 1255 τοῦ
904 1182 1064 1274 Ψαλμοΰ
1091 1177 1303 1276 δηλούμενα.

209 1301 281 1377 Καὶ
298 1298 442 1400 πρῶτόν
460 1333 503 1399 γε
521 1299 750 1399 διαλάβωμεν
762 1302 829 1402 τὴν
843 1303 1063 1410 φάσκουσαν
1080 1304 1308 1410 προγραφὴν,

208 1431 254 1509 εἰς
271 1423 307 1504 το
332 1423 440 1515 τέλος,
470 1423 503 1524 ἢ,
524 1424 615 1506 κατὰ
638 1425 702 1506 τὸν
719 1429 891 1527 Ἀκύλαν,
909 1439 955 1536 τῷ
973 1427 1137 1536 νικοποιῷ,
1165 1426 1198 1529 ἢ,
1217 1429 1308 1510 κατὰ

170 1547 269 1630 ιονὸν
298 1549 506 1655 Σύμμαχον,
528 1553 683 1638 ν’πινένιιος
713 1552 792 1660 ὑπὲρ
824 1553 882 1646 τῆς
914 1548 1141 1663 ἀντιλήψεως.
1189 1557 1304 1634 Ταῦθ’
1318 1585 1348 1620 ¹0

206 1675 298 1773 ἡμᾶς
325 1677 580 1781 ὑπεισέρχεται,
600 1676 654 1757 ὅτι
681 1676 723 1756 τὸ
750 1677 815 1777 μέν
843 1677 1021 1781 σωτήριον
1047 1678 1172 1776 πάθον,
1196 1682 1243 1763 ὡς
1271 1685 1308 1759 αἱ

206 1799 321 1907 λέξεις
338 1807 409 1881 τῶν
436 1803 705 1903 εὖαγγελιστῶν
726 1805 963 1906 παρεστησαν
981 1805 1119 1890 σκάτους
1137 1804 1337 1910 γινομένουᾶ

205 1929 277 2008 ini
306 1927 393 2037 ω’ροος
422 1929 521 2023 ἕκτης
541 1927 600 2014 ἕως
620 1927 706 2038 {lpas
725 1930 849 2023 ἐνάτης,
869 1932 964 2035 ἀμφὶ
987 1928 1052 2028 τὴν
1069 1929 1196 2029 ἐνάτην
1213 1963 1305 2011 συν-

205 2054 386 2154 ετελέσθη,
415 2055 475 2135 ὅτε
504 2059 563 2135 καὶ
589 2055 656 2154 τὴν
684 2053 809 2161 φωνὴν
835 2057 952 2160 ἀφῆκε
979 2053 1044 2154 τὴν
1074 2055 1236 2156 μεγάλην
1262 2055 1308 2135 τὰ

206 2188 319 2287 μικρῷ
345 2179 507 2284 πρόσθεν
534 2181 760 2281 &centauria
788 2179 906 2277 εἰπὼν,
929 2177 1026 2260 ὥστε
1051 2183 1330 2282 ὁμολογεῖσθαι

207 2311 337 2412 σαφῶς
361 2305 543 2389 τὸπάθος
567 2308 675 2387 αὑτοῦ
698 2309 792 2411 ἀμφὶ
818 2304 884 2404 τὴν
912 2304 1067 2409 ἑσπέραν
1094 2304 1219 2390 νυκτὸς
1240 2309 1305 2386 ἐπ·

169 2431 427 2533 ηελαννοῦσηο
447 2433 640 2534 γεγονέναι.
698 2431 758 2512 Τὰ
783 2431 821 2511 δέ
847 2435 910 2532 τῆς
928 2434 967 2512 ἐκ
989 2438 1121 2534 νεκρῶν
1143 2432 1304 2511 ἀναστά-

205 2593 310 2657 σεως,
328 2559 403 2658 ἥτις
429 2557 473 2659 ἦν
497 2559 691 2665 ἀντίληψις
715 2566 780 2637 τοῦ
800 2557 937 2659 πατρὸς
956 2557 1307 2657 ἀντιλαμβανομένου

205 2687 263 2763 καὶ
289 2691 337 2768 εἷς
354 2684 480 2765 ἑαυτὸν
498 2687 536 2763 ἐκ
554 2691 626 2763 τῶν
644 2690 709 2763 τοῦ
726 2682 882 2762 θανάτου
901 2686 1040 2786 χωρίων
1058 2683 1308 2781 ἐπισπωμένου

469 2893 537 2966 τινι
551 2895 595 2967 ιρι
608 2899 675 2968 nepe
691 2898 722 2952 ν.
751 2895 795 2965 ιρι
810 2895 916 2966 (amet)
931 2895 997 2964 νομο
1013 2895 1040 2948 e.

206 3076 291 3133 etiam
312 3077 370 3143 illa,
384 3083 484 3152 utpote
506 3079 554 3153 qui
575 3078 605 3134 in
626 3079 702 3136 hunc
722 3079 839 3136 modum
861 3085 966 3142 narret,
983 3077 1019 3133 El
1032 3076 1117 3152 sacta
1141 3076 1208 3132 lora
1229 3083 1306 3133 aerlc
1348 3079 1455 3132 lim-¹⁵.

207 3157 318 3215 tenebre
332 3159 424 3232 facte
444 3165 507 3214 eunt
527 3177 610 3232 super
624 3166 710 3216 lolam
731 3167 834 3216 terram
852 3159 984 3232 usquead
1004 3157 1098 3213 liorem
1112 3175 1222 3215 nonum.
1264 3157 1307 3214 iil
1347 3142 1380 3182 ³³⁸

160 3293 164 3302 ,
207 3237 273 3294 lore
287 3256 359 3295 νιοινα
373 3239 537 3295 exclamavit
550 3239 627 3296 lesus
646 3257 711 3296 voce
730 3257 830 3312 παραυ
850 3239 949 3303 duem,
968 3238 1014 3293 Eli
1029 3236 1077 3292 Eli
1099 3238 1170 3292 lema
1190 3235 1306 3294 sabuci·

207 3317 292 3382 llani,
308 3321 380 3392 quod
392 3325 431 3376 eat
445 3337 478 3374 ee
492 3321 724 3392 iales-pretatione,
735 3319 815 3375 Deua
825 3319 905 3374 Deus
918 3335 1001 3382 meur,
1012 3316 1051 3372 cd
1060 3318 1126 3390 quid
1138 3317 1306 3389 dereliquisti

206 3399 276 3454 me?
295 3398 338 3454 Et
352 3400 459 3472 quidam
472 3416 505 3454 es
518 3400 692 3456 audientibus
705 3399 836 3460 dicebant.
855 3398 963 3452 Heliam
975 3403 1065 3452 cocat.

247 3477 312 3552 Age
332 3478 418 3555 igitur
438 3478 558 3553 posthac
578 3479 640 3553 ipso
657 3478 756 3535 ordine
773 3477 918 3534 videamus
939 3493 995 3550 qua
1014 3475 1123 3532 ratione
1139 3493 1173 3530 ea
1193 3493 1256 3547 quae
1276 3474 1306 3532 in

206 3555 261 3613 hoc
284 3557 396 3614 Psalmo
417 3559 597 3616 eontinentur
621 3558 657 3615 ad
678 3559 756 3616 illum
777 3556 924 3614 referende
942 3555 1009 3612 sint.
1051 3555 1097 3612 Ac
1118 3553 1240 3628 primum
1261 3553 1304 3610 in-

207 3637 390 3710 scriptionem
409 3638 501 3711 ipsam
521 3647 685 3702 tractemus,
708 3657 770 3712 que
793 3637 858 3694 talia
880 3645 933 3702 est,
947 3639 976 3693 ia
994 3635 1089 3709 finem,
1104 3634 1149 3690 vel
1170 3635 1305 3707 quemad·

207 3716 324 3772 modum
338 3717 442 3790 Aquila
455 3717 552 3783 edidit,
568 3721 686 3776 νὶοιονία
700 3719 819 3784 cultori,
832 3717 878 3774 val
898 3717 984 3774 etiam
1005 3724 1037 3772 ut
1054 3713 1253 3790 Symmachus,
1268 3717 1306 3770 ad

207 3797 350 3853 victoriam
372 3816 425 3871 pro
451 3800 626 3870 acceptioue.
682 3798 754 3855 Haec
775 3816 844 3856 sana
868 3796 951 3854 nobis
975 3795 1092 3853 veniunt
1115 3794 1144 3850 in
1168 3801 1303 3860 mentem,

207 3884 358 3949 propterea
371 3877 448 3951 quod
461 3877 591 3934 salutarie
604 3877 652 3934 illa
665 3878 769 3951 passio,
779 3887 811 3934 ut
820 3877 925 3951 scripta
937 3875 1176 3951 evangelistarum
1187 3873 1304 3930 demon-

207 3963 309 4020 strant,
323 3957 449 4030 perlecta
461 3966 506 4014 est
519 3957 630 4015 circiter
643 3957 743 4014 horam
756 3975 871 4022 nonam,
877 3957 971 4030 saetis
976 3955 1038 4027 jum
1053 3954 1177 4018 tenebris,
1188 3954 1224 4010 cb
1237 3953 1305 4010 Ιιοτα

206 4040 284 4091 reela
305 4039 445 4108 usquead
463 4037 559 4092 Ιιοναννι
580 4055 687 4102 aonam,
702 4055 757 4110 qua
777 4055 845 4093 sane
866 4037 937 4094 hora
954 4035 1039 4092 etiam
1053 4052 1153 4090 vocem
1169 4051 1304 4109 magnam

206 4113 310 4179 emisit,
326 4125 355 4172 et
368 4134 402 4172 ea
416 4135 478 4190 qnae
492 4117 576 4190 paulo
590 4124 656 4173 ante
675 4117 854 4173 recitavimus
868 4115 993 4190 protulit,
1008 4122 1040 4171 ut
1053 4115 1136 4188 plane
1157 4113 1194 4170 sit
1214 4113 1303 4170 confi-

207 4193 324 4252 tendum
343 4195 418 4251 illius
437 4198 597 4270 passionem
612 4197 648 4253 ad
663 4213 810 4270 vesperam
831 4203 915 4252 nocta
936 4194 1107 4252 adventante
1127 4193 1222 4250 fuisse.
1264 4193 1305 4248 At

206 4272 313 4329 reditus
332 4276 459 4348 ejusdem
481 4297 497 4332 a
518 4277 724 4350 mortuisque
744 4276 798 4331 fuit
819 4275 961 4349 susceptio
981 4274 1070 4349 patris
1090 4274 1169 4331 illum
1186 4271 1303 4344 suscipi·

735 4389 824 4442 3sra
