3144 4720
272 263 336 327 ιοο
720 261 907 326 nussum
1352 281 1518 346 „391-

271 434 324 508 τιῦ
345 425 560 533 οἰκοδομῆσαι
579 429 808 535 Ἰεριοσοιλλρα
830 429 890 516 ἕως
910 431 1048 536 Χριστοῧ
1067 431 1251 534 ἡγουμένου,
1272 426 1420 520 ibbo-10

271 551 381 656 parides
401 555 492 635 barbo
513 563 571 636 aci
593 551 782 658 ίβθοριίθες
802 553 1023 661 ίξηιιινταιλίο·
1055 563 1127 634 τῶν
1148 559 1237 634 ἐτῶν
1255 556 1293 635 δὲ
1311 555 1377 639 τὰς

272 681 473 778 ἑβδομάδας
490 681 737 782 συναγομένας
762 688 810 764 εὶς
835 681 895 780 ἔτη
914 681 1128 783 τετρακόσια
1153 681 1376 781 ὀγδοήκοντα

273 808 354 909 τρία
372 804 444 885 ἀπὸ
463 811 526 904 τῆς
548 805 669 908 Κύρου
687 807 877 900 βασιλείας
900 809 957 885 ἐπὶ
983 805 1049 904 τὴν
1067 809 1254 904 Ῥωμαίων
1277 841 1373 910 παρ-

274 933 487 1011 εκτείνεσθαι
514 932 637 1036 ἀρχὴν,
663 934 746 1010 καθ’
767 931 812 1031 ἣν
841 932 1028 1029 Πομπήϊος
1045 932 1232 1030 Ῥωμαίων
1256 966 1373 1033 στρα-
1389 965 1418 1014 ¹⁵

272 1058 381 1158 τηγὸς
412 1058 561 1140 ἐπιστὰς
594 1066 666 1141 τοῖς
693 1057 958 1159 Ἱεροσολύμοις
985 1057 1057 1136 εἷλε
1088 1056 1155 1155 μὲν
1184 1058 1376 1164 πολιορκίᾳ

272 1182 338 1283 τὴν
355 1181 476 1281 πόλιν,
494 1185 535 1263 τὸ
561 1184 598 1263 δὲ
623 1191 696 1262 πᾶν
721 1185 820 1265 ἔθνος
840 1187 971 1262 δοῦλον
987 1183 1176 1279 Ῥωμαίοις
1194 1181 1371 1284 κατεατὴ-
1386 1209 1497 1276 p·392

273 1343 376 1406 σατο,
392 1314 439 1394 ὡς
453 1313 511 1388 καὶ
530 1307 664 1414 φόρους
681 1309 725 1414 ἐξ
740 1311 870 1389 ἐκείνου
889 1316 1014 1404 τελεῖν,
1030 1312 1087 1387 καὶ
1106 1315 1179 1392 τοῖς
1190 1311 1377 1407 Ῥωμαίων

234 1442 478 1540 ὁιπειθαρχεῖν
502 1435 756 1536 ἐπιτάγμασιν.
807 1437 892 1516 Ἐπὶ
911 1444 1038 1514 τοῦτον
1056 1443 1144 1536 γοῦν
1162 1434 1225 1514 τὸν
1243 1434 1376 1539 χρόνον

273 1565 383 1641 ὁτῶν
401 1561 639 1663 τετρακοσίων
656 1561 877 1662 ὀγδοήκοντα
900 1568 1007 1664 τριῶν
1032 1564 1121 1640 ε’τῶν
1146 1561 1375 1663 περιορίζεται

272 1685 431 1787 ἀριθμὸς,
460 1690 514 1792 ἐφ’
543 1685 585 1764 bo
617 1689 675 1765 καὶ
703 1683 907 1792 κατέληξαν
935 1693 967 1764 oi
996 1685 1086 1765 κατὰ
1114 1685 1177 1765 τὸν
1208 1688 1398 1775 Μωσέωςς

273 1810 382 1909 νόμον
400 1815 438 1891 ἐκ
455 1813 619 1920 πατέρων
638 1815 804 1915 διαδοχῆς·
822 1813 888 1909 τὴν
912 1812 1143 1913 προστασίαν
1168 1819 1232 1890 τοῦ
1254 1811 1375 1896 ἔθνους

273 1941 331 2016 καὶ
353 1937 426 2036 ’τὴν
459 1936 654 2039 ἱερωσύνην
687 1937 919 2041 διειληφότες,
951 1937 1010 2022 οὓς
1043 1937 1173 2040 χριττλν
1207 1935 1375 2042 ἡγούμενον

272 2062 339 2163 τὴν
362 2065 459 2143 θείαν
480 2066 537 2142 ἐπὶ
562 2071 626 2142 τοῦ
647 2063 825 2163 παρόντος
843 2062 989 2168 γραφὴν
1008 2061 1189 2166 ὀνομάζειν
1207 2065 1371 2160 ὑπολαμ-

232 2209 262 2259 62
273 2189 384 2286 βείνω.
447 2195 491 2268 Ei
511 2188 547 2268 δὲ
566 2188 636 2293 χρὴ
656 2191 714 2267 καὶ
732 2185 796 2268 τὸν
814 2187 1019 2288 κατάλογον
1038 2188 1205 2267 ἐκθέσθαι
1224 2193 1287 2286 τῆς
1304 2195 1376 2268 τῶν
1388 2231 1419 2264 ιο

109 2345 218 2398 aaron·
273 2317 461 2420 ἀρχιερέων
481 2317 657 2419 διαδοχῆς,
669 2321 741 2393 τῶν
759 2317 797 2392 ἐν
815 2321 865 2421 τῷ
884 2315 1091 2421 δηλουμένῳ
1105 2315 1241 2420 μεταξὺ
1257 2314 1408 2421 χρόνῳι)

109 2444 217 2572 Ξζὲᾗων
273 2441 539 2542 διαγενομένων,
559 2444 617 2519 καὶ
640 2449 746 2519 τοῦτο
772 2442 883 2524 οὐδεὶς
908 2439 1043 2546 φθόνος
1070 2447 1118 2523 είς
1143 2441 1376 2544 παράστασιν

108 2585 182 2655 ρίαν.
273 2572 336 2665 τῆς
354 2573 427 2646 τῶν
445 2567 634 2668 εἰρημένων
653 2567 821 2664 ἀληθείας
839 2564 1076 2666 ποιήσασθαι.
1130 2573 1279 2668 Πρῶτος
1299 2568 1374 2645 τοί-

275 2729 337 2775 ννν
365 2693 455 2794 μετὰ
478 2693 545 2791 τὴν
569 2701 633 2771 τοῦ
659 2692 801 2790 Δανιὴλ
829 2696 1059 2797 προφητείαν,
1079 2697 1136 2773 ἐπὶ
1166 2692 1287 2794 Κύρου
1313 2701 1378 2771 τοῦ

274 2821 456 2916 βασιλέως
477 2825 641 2919 Περσῶν,
661 2817 749 2915 μετὰ
770 2817 835 2916 τὴν
861 2819 932 2898 ἀπὸ
953 2825 1174 2912 Βαβυλῶνος
1192 2817 1375 2914 ε’ποίνοδον,
1384 2863 1399 2912 5

275 3037 302 3086 et
315 3030 461 3098 edificetur
476 3029 649 3083 Hierusalem
664 3047 747 3101 euque
766 3031 801 3084 od
818 3029 955 3085 Christum
970 3030 1072 3094 ducem,
1089 3028 1265 3084 hebdomades
1277 3033 1376 3100 sepiem

276 3116 304 3163 et
317 3108 493 3164 hebdomades
506 3111 646 3178 sexaginta
657 3111 725 3172 riou,
738 3126 876 3164 annorum
888 3127 955 3165 vero
966 3107 1160 3165 hebdomadas
1174 3107 1198 3163 ei
1213 3108 1377 3181 redigantur

275 3187 305 3243 in
319 3205 410 3244 annos
424 3187 646 3262 quadringentos
660 3189 808 3264 octoginta
824 3196 883 3246 tres
898 3208 915 3245 a
927 3207 1019 3264 regno
1034 3188 1101 3263 Cyri
1119 3205 1206 3262 usque
1221 3187 1257 3243 ad
1272 3188 1376 3244 Rorna-

275 3286 378 3324 norum
401 3267 550 3343 imperium
577 3269 736 3344 propagari,
762 3289 819 3344 quo
847 3278 975 3343 tempore
1002 3268 1155 3343 Pompeius
1184 3269 1377 3324 Romanorum

275 3349 430 3422 imperator
453 3348 651 3424 Hierosolyma
674 3368 829 3424 eggressus
854 3350 1002 3407 obsidione
1026 3349 1139 3424 quidem
1162 3349 1263 3406 urbem
1288 3349 1376 3422 ipsam

276 3430 360 3505 cepit,
375 3437 465 3486 totam
479 3448 547 3486 vero
568 3437 684 3504 gentem
704 3430 841 3487 Romanis
862 3430 967 3487 servire
981 3430 1086 3504 coegit,
1102 3447 1191 3503 usque
1210 3429 1282 3486 adeo
1296 3436 1328 3486 ut
1341 3447 1377 3484 ex

276 3510 325 3567 illo
338 3520 466 3586 tempore
481 3517 509 3566 et
523 3510 630 3566 tributa
643 3512 771 3586 pendeus
784 3519 813 3566 et
829 3511 1023 3567 Romanorum
1037 3509 1165 3584 jussibus
1178 3508 1378 3583 obtemperans

263 3591 371 3648 duem.
414 3590 461 3647 Ad
485 3591 540 3646 hoe
564 3591 651 3664 igitur
680 3599 793 3666 tempus
821 3590 1092 3665 quadringentorum
1122 3589 1270 3664 octoginta
1292 3589 1378 3646 trium

276 3689 415 3728 annorum
429 3688 564 3727 numerus
578 3671 698 3736 ducitur,
714 3672 742 3726 in
759 3671 814 3744 qno
829 3670 982 3735 desierunt,
994 3671 1040 3744 qui
1055 3671 1211 3728 secundum
1219 3669 1377 3726 Mosaieam

276 3751 370 3825 legem
384 3769 418 3808 ex
432 3751 571 3824 majorum
585 3752 763 3807 successione
780 3745 814 3806 ὀο
830 3752 904 3808 serie
917 3751 1006 3808 totius
1026 3751 1122 3826 gentis
1140 3749 1328 3824 principatum
1349 3760 1379 3806 et

277 3830 465 3888 sacerdotium
484 3831 640 3904 capiebant,
659 3849 730 3904 quos
752 3833 880 3886 ebriatum
900 3833 996 3888 dacem
1014 3849 1031 3888 a
1048 3831 1187 3905 scriptura
1208 3830 1304 3888 divina
1322 3829 1378 3886 hoc

275 3911 305 3966 iu
319 3911 383 3967 loeo
396 3911 535 3968 nominari
550 3912 686 3985 suspicor.
728 3911 813 3970 Quod
835 3913 858 3967 si
877 3929 948 3985 opus
972 3921 1017 3968 est
1035 3909 1247 3968 enumeratione
1267 3927 1378 3984 qnoque

276 3989 328 4056 uti,
343 3998 372 4046 et
387 3991 501 4063 quinam
515 3991 563 4046 illo
576 3989 745 4047 intermedio
760 3999 897 4065 tempore,
909 3992 944 4047 de
961 4010 1016 4066 quo
1030 3991 1181 4066 loquimur,
1196 3990 1298 4066 quibua
1312 4007 1377 4046 auc-

277 4068 413 4122 cesaerint
428 4069 577 4141 locumque
592 4071 670 4126 illum
690 4072 773 4127 tutati
794 4071 851 4128 sint
869 4089 1022 4144 exponere,
1036 4091 1074 4128 ne
1088 4071 1143 4128 hoc
1158 4070 1270 4144 quidem
1285 4070 1378 4126 iacere

277 4145 467 4218 gravabimur,
479 4155 510 4201 ut
521 4165 619 4204 eorum
630 4167 692 4221 quae
706 4151 782 4206 dicta
796 4159 863 4206 sunt
876 4152 1023 4208 veritatem
1038 4151 1229 4208 ostendamus.
1252 4149 1378 4208 Primum

277 4222 365 4294 igitur
388 4229 453 4294 post
473 4223 560 4295 ipsius
580 4227 683 4283 Daniel
703 4231 891 4302 prophetiam,
913 4231 988 4304 Cyro
1010 4232 1085 4304 apud
1108 4231 1208 4287 Persas
1229 4238 1377 4304 regnante,

278 4305 343 4372 post
356 4298 476 4355 reditum
492 4301 527 4355 de
543 4303 699 4376 Babylone,
714 4307 798 4364 Jesus
813 4309 886 4364 filius
901 4308 1034 4375 Josedec,
1050 4311 1097 4384 qui
1112 4311 1243 4366 sacerdos
1258 4328 1380 4384 magnus
