3132 4714
260 253 324 318 oss
739 256 926 322 uusuiur
1336 273 1501 342 Μαι-

260 415 371 520 λε’ξιυ,
391 417 470 494 καθ’
496 415 583 514 ὅλης
609 417 726 495 αὐτῶν
755 422 817 516 τῆς
848 417 977 522 χώρας,
1004 415 1023 496 ῖι
1051 420 1109 496 καὶ
1140 418 1193 499 τίς
1222 419 1285 496 οὐκ
1315 414 1360 495 ἀν

260 539 557 641 ἀποθαυμάσειεν,
577 544 781 649 ὀφθαλμοῖς
806 547 900 646 ὁρῶν
921 543 1003 628 τοὺς
1028 547 1221 644 πολεμίους
1245 545 1383 626 αι’πῶνς

260 665 379 749 πάντα
405 669 517 749 τόπον
540 674 602 768 τῆς
617 669 789 752 Ἰουδαίας
811 668 1103 776 δκατειληφότας,
1125 675 1183 750 καὶ
1210 671 1291 754 τούς
1318 706 1361 772 γε
1554 713 1555 746 ι

261 793 495 900 ἀλλοφύλους
528 799 585 874 καὶ
618 794 881 898 εῖδωλολοῖτρας
913 796 1121 898 ἀνθρώπους
1153 800 1190 876 ἐν
1225 796 1361 881 πάσαις

261 923 377 1000 αὐτῶν
391 921 527 1000 πόλεσί
542 955 581 1001 τε
600 928 658 1001 καὶ
676 921 808 1025 χώραις
821 922 1154 1019 ἀναπεπαυμένους;
1176 925 1235 1002 Ori
1248 933 1361 1004 ταῦτα

261 1045 299 1125 δὲ
332 1046 402 1148 ἀρα
434 1046 526 1144 μόνα
556 1047 740 1146 διαθήσειν
767 1053 883 1153 φησὶν
909 1046 1034 1132 αι’ποάς
1066 1052 1087 1128 ὃ
1118 1048 1237 1151 λόγος,
1262 1050 1360 1130 ἀλλὰ

260 1175 359 1281 ξυρῷ
388 1182 451 1253 τοῦ
485 1173 693 1274 νενοημένον
724 1175 808 1274 ἡμῖν
839 1174 1022 1269 βασιλέως
1051 1179 1263 1277 Ἀσσυρίων
1295 1177 1361 1276 τὴν
1373 1213 1404 1248 ¹0

261 1299 424 1406 κεφαλὴν
458 1302 574 1380 αὐτῶν
606 1304 664 1380 καὶ
696 1299 760 1386 τὰς
791 1302 915 1404 τρίχας
946 1309 1019 1381 τῶν
1051 1307 1172 1382 ποδῶν
1206 1305 1265 1382 καὶ
1297 1301 1362 1382 τὸν

262 1428 429 1527 πώγωνα,
448 1426 567 1506 πάντα
590 1425 729 1528 δηλαδὴ
754 1425 817 1506 τὸν
838 1426 953 1508 πάλαι
980 1430 1217 1532 περικείμενον
1242 1432 1361 1514 αὐτοῖς

221 1551 427 1652 κε’κόσμον,
446 1551 625 1658 ξυρήσειν.
686 1552 792 1633 Κατὰ
810 1551 848 1632 δὲ
866 1553 931 1652 τὴν
950 1555 1060 1654 αὐτὴν
1077 1557 1209 1655 ταύτην
1227 1555 1360 1659 ἡμέραν

261 1683 318 1757 καὶ
337 1677 427 1758 κατὰ
442 1678 506 1758 τὸν
523 1678 631 1758 αὐτὸν
649 1678 780 1782 χρόνον
798 1682 939 1759 ἀπειλεῖ
953 1683 990 1759 εὐ
1008 1679 1146 1786 ἐσχάτῃ
1169 1684 1274 1787 πενία
1296 1691 1360 1760 τοῦ

261 1805 351 1885 κατὰ
371 1804 465 1886 Θεὸν
482 1805 641 1885 πλούτου
665 1805 961 1906 καταστήσεσθαι
985 1805 1122 1903 αὐτοὺς,
1143 1811 1191 1890 ῶς
1213 1805 1262 1906 μὴ
1289 1807 1355 1909 ἀρ·
1370 1840 1400 1889 15

260 1967 332 2012 των
360 1938 516 2032 λογικῶν
544 1931 713 2034 εὐπορεῖν,
742 1931 830 2031 μήτε
860 1939 1009 2034 στερεοῖς
1038 1936 1096 2012 καὶ
1123 1938 1359 2031 πνευματικῆς
1367 1959 1476 2028 p·325

260 2063 406 2165 τροφῆς,
426 2061 570 2160 ἀγαπᾶν
589 2057 626 2136 δὲ
645 2056 799 2158 γάλακτι
822 2058 1018 2164 τρέφεσθαι
1042 2065 1093 2167 τῶ
1117 2062 1282 2158 νηπιῶδει
1301 2063 1359 2139 καὶ

260 2190 484 2290 εῖσαγοιγικῶ
504 2183 615 2291 λόγῳ.
650 2181 734 2263 Ἔτι
753 2181 841 2286 πρὸς
861 2185 998 2268 τούτοις
1017 2187 1074 2264 καὶ
1092 2183 1156 2268 τὰς
1174 2183 1360 2282 ἀμπέλους

220 2312 376 2390 ειαιῖτῶν
401 2316 449 2393 εῖς
476 2313 609 2413 χερσον
634 2309 796 2389 ἔσεσθαι.
854 2307 1000 2408 Ἐπειδὴ
1027 2310 1108 2412 γὰρ,
1128 2313 1176 2396 ῶς
1204 2313 1223 2390 ὁ
1252 2309 1358 2394 αὐτὸς

257 2434 446 2542 προφήτης
472 2439 598 2542 φησὶν,
616 2436 748 2534 ἔμεινεν
771 2437 791 2512 ὁ
817 2432 1073 2538 γεωργῶς.ἇμα
1097 2440 1154 2515 καὶ
1180 2436 1383 2537 δεσπότηςι

258 2563 384 2658 αὐτῶν,
396 2571 458 2642 τοῦ
477 2562 617 2654 πιιῆσιιι
637 2561 816 2667 σταφυλὴν
833 2561 884 2640 riu
902 2561 1106 2666 ἀμπελῶνα,
1123 2573 1137 2642 α’
1157 2558 1192 2642 δὲ
1211 2565 1357 2654 ἐποίησεν

258 2687 422 2778 ἀκάνθας,
457 2692 514 2767 καὶ
547 2691 587 2768 οὐ
619 2687 857 2787 δικαιοσύνην,
885 2687 984 2768 ἀλλά
1014 2688 1183 2790 κραυγήν·
1215 2689 1269 2768 διὸ
1299 2692 1358 2768 καὶ

258 2819 422 2920 ἀφαιρῶν
444 2815 507 2896 τὸν
526 2813 696 2922 φραγμὸν
723 2815 831 2893 αὐτοῦ
858 2817 917 2892 καὶ
944 2821 1123 2916 καθαιρῶν
1149 2813 1213 2893 τὸν
1236 2823 1357 2918 τοῖχον

279 2989 294 3034 ‘l
309 2977 487 3048 ἀπειληφότας
502 2978 565 3034 ΕΙ).
582 2978 698 3034 PARlS.
722 2977 807 3032 sios.
889 2977 1015 3046 ῐκόσμου
1031 2977 1090 3032 ΕΙ),
1107 2977 1224 3032 PARIS.
1248 2977 1293 3032 Sic
1305 2977 1334 3032 S.

260 3105 349 3178 (quod
367 3105 479 3178 quidem
498 3105 527 3160 in
549 3113 682 3180 promptu
704 3107 761 3178 est)
784 3123 835 3180 per
848 3112 937 3161 totam
959 3104 1084 3179 ipsorum
1105 3104 1261 3180 regionem,
1282 3105 1358 3179 quod

259 3185 351 3257 ipsum
367 3203 433 3240 sune
448 3185 510 3258 quis
525 3204 582 3241 uon
597 3186 760 3253 admiretur,
777 3204 862 3260 quum
877 3185 965 3242 oculis
979 3193 1076 3241 cernat
1090 3185 1218 3242 inimicos
1232 3186 1357 3259 ipsorum

259 3283 371 3321 omnem
386 3265 493 3322 Judaeae
507 3265 600 3324 locum
616 3285 776 3341 occupasse,
792 3275 820 3323 et
834 3273 977 3330 externos,
994 3265 1283 3338 simulachrorumque
1297 3266 1357 3322 cnl-

256 3354 334 3402 tores
349 3345 487 3413 homines,
497 3345 525 3402 in
540 3347 649 3404 cunctis
663 3347 788 3422 ipsorum
803 3346 963 3404 civitatibus
977 3353 1006 3402 et
1019 3345 1183 3421 regionibus
1196 3345 1357 3420 quievisse?

258 3427 326 3483 Non
339 3426 426 3502 igitur
440 3427 484 3483 his
499 3428 566 3484 solis
577 3447 626 3485 eos
637 3446 699 3485 esse
710 3427 873 3484 afficiendos
887 3427 926 3482 ait
937 3425 1092 3491 oraculum,
1104 3426 1153 3482 sed
1168 3425 1254 3482 etiam
1268 3445 1355 3482 nova-

258 3508 321 3565 culs
338 3509 398 3583 ejus
415 3508 594 3583 Assyriorum
616 3508 701 3584 regis,
718 3526 801 3583 quem
822 3525 875 3564 nos
896 3507 1089 3581 intelligimus,
1105 3515 1134 3563 et
1151 3515 1236 3580 caput
1249 3525 1357 3572 eorum,

259 3597 288 3646 et
302 3590 373 3664 pilos
388 3590 500 3664 pedum,
513 3598 542 3645 et
555 3589 682 3654 barbam,
695 3607 808 3645 omnem
820 3587 959 3652 videlicet,
972 3606 1027 3660 quo
1040 3587 1093 3662 ipsi
1108 3586 1249 3660 quondam
1264 3587 1357 3644 offecti

259 3678 348 3736 eraut,
364 3679 495 3726 ornatum
516 3669 717 3726 abradendum.
761 3667 821 3725 Sub
842 3667 961 3724 eandem
976 3686 1043 3724 vero
1064 3667 1139 3723 diem
1159 3667 1243 3730 hanc,
1258 3675 1288 3723 et
1304 3667 1357 3724 sub

258 3749 332 3806 idem
348 3760 461 3824 tempus
482 3751 518 3806 ad
540 3758 696 3806 extremum
717 3750 794 3824 ipsos
815 3749 974 3805 divitiarum
992 3747 1046 3804 Dei
1066 3746 1212 3822 penuriam
1234 3747 1357 3804 minatur

259 3849 321 3886 esse
335 3830 514 3904 redigendos,
530 3849 618 3904 usque
639 3830 710 3886 adeo
729 3839 761 3886 ut
780 3837 810 3887 et
824 3849 897 3906 pane
911 3829 1050 3894 rationali,
1066 3835 1096 3884 et
1109 3827 1209 3892 solido,
1225 3827 1355 3900 spiritua·

258 3909 333 3982 lique
356 3911 419 3966 cibo
439 3911 496 3966 sint
517 3911 640 3974 carituri,
661 3911 784 3984 satisque
805 3909 938 3972 habituri,
960 3909 983 3965 si
1005 3909 1087 3973 lacte,
1105 3909 1161 3965 hoc
1183 3917 1235 3972 est,
1258 3908 1357 3981 puerili

259 3989 518 4064 introductorioque
543 4009 672 4048 sermone
699 3990 868 4047 nutriantur.
920 3991 966 4046 Ad
988 3990 1059 4055 haec,
1081 3988 1154 4046 vites
1178 3988 1303 4062 ipsorum
1328 3987 1356 4044 in

258 4079 363 4125 terram
378 4069 511 4126 incultam
528 4071 595 4127 fore.
625 4073 777 4145 Postquam
792 4070 867 4126 enirn
881 4073 925 4142 (ut
939 4071 998 4144 ipse
1012 4070 1151 4144 propheta
1164 4069 1217 4140 ait)
1232 4068 1358 4142 agricola

108 4173 130 4197 ·.
155 4188 160 4208 .
185 4186 190 4198 .
260 4148 335 4203 idem
357 4156 385 4203 et
407 4166 504 4203 eorum
525 4151 666 4207 Dominus
687 4151 854 4225 expectavit,
874 4153 938 4207 dum
959 4153 1036 4206 vineo
1054 4168 1132 4206 υυουι
1146 4149 1249 4224 ferret,
1274 4167 1357 4222 eaque

258 4227 376 4298 ρτοιυίἰι
389 4228 489 4298 spinas,
504 4237 532 4283 et
542 4229 771 4286 vociferationem
787 4231 938 4304 quandam,
947 4249 1005 4287 non
1016 4229 1258 4302 autemjustitinm
1273 4230 1355 4301 (quo-

261 4305 335 4359 circa
349 4305 432 4360 stiam
448 4321 542 4377 sepem
558 4307 618 4378 ejus
637 4310 774 4373 auferens,
790 4318 819 4366 et
833 4311 967 4382 parietem
988 4317 1127 4378 evertens,
1143 4308 1178 4365 ad
1193 4317 1297 4365 terram
1312 4309 1355 4363 in·
1389 4303 1392 4308 '
