3130 4722
61 253 195 318 -355·
458 240 687 306 llEMONST.
712 241 882 307 EVANG.
913 241 989 306 VlI.
1005 261 1034 326 3.
1242 245 1306 312 709

205 434 274 501 οης
301 405 360 481 καὶ
385 405 442 483 ἐπὶ
468 404 598 484 δύοντα
623 405 737 504 ἥλιον,
758 408 912 509 ἐνεργεῖν
936 405 1002 505 μὲν
1024 405 1206 512 ἀρξαμένη
1231 405 1345 526 ἁπδί)ο

205 535 378 624 ποταμοῦ,
397 529 474 628 ἤτοι
499 537 562 609 τοῦ
590 529 681 608 κατὰ
705 531 859 634 λουτρὸν
883 529 1134 634 μυστηρίου,ἢ
1159 534 1217 611 καί
1239 535 1302 640 ἀφ’

206 653 314 756 οὗπερ
332 655 423 734 κατὰ
440 653 504 734 τὸν
516 655 700 758 Ἰορδάνην
717 664 862 760 πρῶτον
880 661 1004 763 φανεὶς
1020 653 1157 766 ἤρξατο
1174 665 1238 758 τῆς
1256 665 1305 742 είς

167 807 198 858 2⁶
206 781 414 882 ἀνθρώπους
433 783 644 885 εὐεργεσίας.
706 789 980 884 Παρεκταθεῖσα
997 794 1085 886 γοῦν
1110 785 1153 892 ἐξ
1173 787 1304 866 ἐκείνου

203 909 225 1006 ἡ
251 911 289 986 ἐν
317 909 515 1011 ἀνθρώποις
540 911 712 1003 βασιλεία
736 911 844 990 αὐτοῦ
871 915 993 1009 διῆλθε
1023 911 1105 990 καθ’
1127 911 1215 1011 ὅλης
1240 917 1326 1012 τῆνο

202 1035 425 1135 οὐκουμίνης.
456 1036 632 1128 ίΛιβάνου
651 1035 689 1115 δὲ
707 1035 953 1136 ἐπινοουμένης
971 1042 1035 1136 τῆς
1053 1037 1302 1140 Ἰερουσαλὴμ,

203 1165 250 1244 ὡς
278 1160 350 1241 ἀπὸ
376 1163 563 1242 πλείστων
590 1162 690 1243 ὅσων
717 1169 944 1269 προφητειῶν
970 1167 1226 1262 ἀποδείκνυται,
1246 1165 1304 1245 διὰ

202 1285 244 1366 τδ
268 1283 383 1366 πάλαι
406 1291 443 1367 ἐν
462 1289 552 1392 αὐτῇ
578 1289 751 1389 ἁγίασμα,
771 1292 828 1368 καὶ
851 1287 893 1367 τὸ
912 1289 1181 1392 θυσιαστήριον,
1199 1291 1246 1369 τά
1264 1325 1303 1369 τε

202 1415 259 1492 ἐπὶ
291 1415 405 1521 τούτῳ
435 1420 483 1496 εἰς
514 1413 620 1513 τιμὴν
652 1412 900 1518 ἀναφερόμενα
935 1413 1086 1508 λιβάνου
1118 1418 1220 1514 δίκην
1250 1421 1302 1522 τῷ
1313 1459 1342 1495 ιο

203 1545 296 1647 Θεῷ,
314 1543 334 1618 ὃ
352 1548 416 1619 τοῦ
434 1545 598 1641 Χριστοῦ
615 1537 791 1642 καρπδςὴ
813 1539 857 1646 ἐξ
878 1542 990 1620 ἐθνῶν
1015 1541 1189 1639 ἐκκλησία
1214 1540 1300 1642 ὑπὲρ

163 1664 265 1746 νιτδν
289 1669 451 1762 Λίβανον
475 1664 700 1768 ἀρθήσεσθαι
728 1665 942 1768 θεσπίζεται.
990 1669 1076 1746 Ἐπὶ
1100 1671 1241 1771 σχολῆς
1267 1669 1297 1745 δ
1306 1701 1324 1742 ο

200 1791 244 1872 ἂν
262 1797 282 1872 ὃ
302 1792 526 1900 οφιλομαθὴς
544 1797 657 1899 ἑαυτῷ
682 1791 746 1873 τόν
764 1793 923 1892 Ψαλμὸν
940 1793 1030 1896 πρὸς
1052 1793 1153 1900 λέξιν
1171 1802 1293 1890 βασα-

200 1920 313 2014 νίσας,
332 1917 430 2025 μόνῳ
455 1922 507 2024 τῷ
529 1917 685 2025 ἡμετερῳ
712 1918 833 2024 Κυρίῳ
858 1916 904 1995 τὰ
929 1919 966 1996 ἐν
989 1919 1084 2022 αὐτῷ
1104 1914 1300 2018 προσήκειν

200 2041 458 2144 ὁμολογήσειεν
476 2043 531 2138 ἂν,
551 2041 651 2121 ἀλλὰ
670 2045 749 2122 οὔτε
770 2049 821 2150 τῷ
838 2048 982 2149 παλαιῷ
1000 2040 1199 2140 Σολόμωνι,
1218 2044 1320 2125 orites

199 2169 306 2275 ἔπε’ριρ
333 2176 406 2247 τῶν
433 2171 506 2266 μετ’
527 2165 634 2248 αὐτὸν
659 2167 843 2264 βασιλέων
868 2167 945 2252 ἑνὸς
969 2169 1091 2252 ἔθνους
1113 2175 1185 2247 τῶν
1202 2169 1292 2246 Ἰου-

199 2296 307 2375 δαίων
331 2295 529 2400 όρξάντων,
549 2298 608 2375 καὶ
636 2298 677 2374 οὐ
704 2302 830 2375 πλεῖον
857 2296 1062 2397 ὀλιγοστῶν
1090 2297 1210 2386 Ρέτῶν,
1240 2297 1299 2373 καὶ

199 2423 271 2500 οὐδ
292 2423 346 2528 ἐφ’
367 2422 487 2524 ἔπε’ρας
505 2419 527 2520 ἢ
546 2421 656 2520 μόνης
674 2425 739 2519 τῆς
755 2422 927 2504 Ἰουδαίας
945 2425 1024 2522 γῆς.

498 2621 500 2624 ·
596 2579 663 2653 lul
689 2591 749 2654 τοῦ
773 2580 904 2654 riuaior.
949 2583 952 2590 ’

157 2727 190 2774 28
250 2707 319 2777 Kal
343 2705 546 2801 ἐξελεύσεται
570 2703 696 2802 ῥάβδος
718 2708 751 2776 ἐκ
776 2714 834 2788 τῆς
855 2702 945 2804 ῥίζης
961 2705 1099 2790 Ἰεσσαί,
1125 2704 1176 2775 καί
1202 2702 1407 2793 ἅνθοςάΠφὶ

1338 2800 1447 2865 Ἰεσσαὶ,

462 2879 476 2911 ⁰
490 2873 645 2944 priapacius
660 2873 688 2929 S.
783 2881 799 2927 p
813 2873 905 2946 ε’θνῶν]
923 2873 987 2928 ε’τῶν
1001 2874 1032 2928 Ρ.

198 3018 311 3095 quidem
321 3019 410 3091 virtm
424 3019 567 3076 actionum
582 3037 696 3076 auarum
711 3018 824 3075 initium
835 3019 902 3076 fecit
917 3018 1068 3087 allumine,
1079 3017 1155 3095 quod
1166 3025 1210 3076 est
1221 3026 1270 3075 aut
1281 3037 1299 3075 a

197 3100 300 3156 lavacri
314 3099 451 3175 mysterio
465 3108 514 3157 aut
528 3118 545 3156 a
557 3098 693 3164 Jordane,
707 3099 754 3156 ubi
768 3119 853 3175 quum
868 3101 991 3174 primum
1010 3119 1041 3158 ee
1055 3100 1208 3158 videndum
1223 3119 1295 3176 prae-

196 3180 298 3247 buerit,
324 3179 487 3237 hominibus
509 3180 593 3254 coepit
615 3198 678 3237 ease
702 3179 855 3238 beneficus.
899 3182 944 3237 Ex
969 3181 1017 3238 illo
1041 3200 1112 3256 ergo
1135 3180 1295 3256 profectum

195 3261 270 3319 illiue
290 3262 366 3318 inter
386 3260 516 3317 homines
536 3279 658 3334 regnum
679 3261 839 3317 universnm
858 3271 963 3318 terram
984 3262 1154 3335 peragrarit.
1197 3261 1294 3329 Quum

196 3359 264 3398 uero
288 3359 339 3416 per
362 3340 505 3398 Libanum
525 3341 707 3398 Hierusalem
728 3341 913 3416 intelligatur,
936 3349 968 3397 ut
989 3360 1026 3398 ex
1054 3360 1138 3416 quam
1165 3341 1293 3414 plurimis

194 3421 351 3496 prophetiis
360 3431 489 3496 ¹apparet,
503 3430 619 3497 propter
632 3422 778 3495 antiquum
793 3421 822 3478 in
836 3422 884 3478 illa
897 3421 1096 3488 sanctuarium,
1112 3430 1141 3477 et
1155 3420 1254 3484 altare,
1264 3427 1301 3490 et

195 3520 258 3576 qum
272 3502 301 3558 in
315 3520 350 3558 eo
361 3503 397 3558 ad
410 3501 548 3558 honorem
563 3503 628 3558 Deo
647 3502 717 3558 turin
736 3502 826 3558 instar
838 3501 1037 3564 offerebantur,
1053 3499 1161 3557 christi
1174 3499 1293 3565 fructus,

195 3601 258 3655 que
279 3591 323 3639 eat
344 3600 381 3638 ex
399 3582 532 3657 gentibue
555 3583 682 3646 ecclesia,
705 3600 788 3656 super
808 3581 947 3639 Libanum
971 3580 1149 3637 extollendus
1173 3578 1292 3635 canitur.

196 3661 349 3726 Caeterum,
365 3663 517 3720 studiosior
531 3663 670 3738 quispiam
684 3662 810 3719 discendi
830 3661 878 3718 ubi
899 3680 950 3736 per
966 3661 1055 3718 otium
1074 3659 1150 3738 apud
1171 3658 1294 3732 seipsum

193 3761 246 3816 per
258 3741 371 3817 singula
383 3745 472 3800 verba
484 3745 604 3800 eundem
620 3743 762 3800 Psalmum
777 3741 975 3817 exploraverit,
990 3741 1039 3797 uni
1053 3739 1177 3797 Domino
1195 3747 1294 3796 nostro

194 3824 346 3880 convenire
373 3843 435 3898 quae
466 3823 496 3880 in
525 3843 560 3881 eo
587 3823 769 3881 continentur
796 3823 877 3880 facile
905 3821 1093 3881 confitebitur.
1147 3818 1295 3876 Salomoni

194 3911 298 3968 autem,
314 3911 363 3960 aut
384 3905 430 3960 alii
451 3904 572 3978 cuipiam
593 3923 691 3961 eorum
712 3923 822 3980 regum,
838 3903 886 3979 qui
906 3912 971 3979 post
992 3902 1176 3959 Solomonem
1197 3900 1294 3975 paucis

194 3983 276 4040 annin
296 4003 355 4040 non
376 3985 496 4059 amplius
517 3985 565 4041 uni
579 3984 706 4042 Judaicae
726 3984 807 4059 genti
825 3981 883 4041 nun
900 3985 967 4042 alibi
983 4001 1067 4057 quum
1080 3982 1110 4039 in
1125 4001 1181 4040 una
1193 3981 1295 4039 Judaea

194 4071 270 4121 terra
284 4065 494 4140 imperaverint,
509 4084 695 4141 nequaquam.

629 4207 667 4244 An
682 4205 781 4245 nour.
797 4205 864 4243 vm.

233 4291 276 4348 Et
290 4295 443 4368 eyredietur
456 4296 535 4368 οἱνρο
548 4296 582 4349 de
595 4292 785 4359 radicemur,
799 4291 888 4367 ecstor
902 4291 934 4350 de
944 4293 1034 4349 radice
1047 4289 1105 4364 ηἰιι
1118 4289 1254 4354 ascendet,
1265 4296 1292 4346 el
1331 4289 1368 4385 ξε·
1374 4299 1441 4392 ffi-
