3132 4714
261 244 325 309 616
708 245 894 310 EUSEBII
1334 267 1364 331 p.
1376 265 1508 331 309-

262 409 357 484 Θεοῡ
374 409 421 487 εἰς
439 403 647 506 ἀνθρώπους
671 406 855 503 ἐπιδημίας
876 405 1088 507 ἐθεσπίζε-το,
1107 411 1165 484 καὶ
1183 413 1275 485 εποῦ
1293 409 1359 504 γῆς

260 527 546 631 γεννηθήσεσθαι
581 529 870 633 προεκηρύττετο,
910 530 981 610 ἀπὸ
1018 531 1121 611 ποίου
1158 564 1196 610 τε
1237 533 1360 632 γένους
1370 559 1399 594 ¹0

260 655 545 760 προελεύσεσθαι
564 659 703 751 ἐβοᾶτο.

657 815 723 890 lud
749 826 809 889 noi
833 816 964 889 desios.
1367 807 1389 871 b

204 972 216 1022 1
317 939 547 1044 11Προρρήσις
571 945 635 1038 τῆς
659 947 706 1023 είς
725 937 889 1042 Χριστὸν
907 941 1076 1023 ἀπιστίας
1098 947 1162 1018 τοῦ
1179 940 1360 1017 Ἰουδαίων

261 1067 392 1164 ἔθνους,
411 1070 469 1146 καὶ
487 1073 635 1166 σημεῖον
654 1067 771 1150 αὐτοῖς
793 1065 865 1146 ἀπὸ
886 1065 1020 1169 Κυρίου
1038 1064 1229 1164 διδόμενον.
1280 1062 1359 1145 Ἦν

97 1139 193 1208 τρόπος

96 1219 142 1286 τῆς
156 1221 203 1272 τοῦ
262 1194 299 1274 δὲ
326 1203 441 1273 τοῦτο·
473 1192 655 1295 Παρθένος
682 1191 777 1273 Θεὸν
804 1200 979 1294 γεννῶσα,
998 1195 1054 1300 ἐφ’
1081 1193 1122 1272 οὗ
1149 1199 1194 1297 τῇ
1223 1194 1384 1294 γενέσεις

98 1299 194 1371 Κυρίου
360 1321 370 1349 ν
637 1317 648 1346 ς
744 1322 798 1347 aa
912 1320 921 1349 ι
1003 1319 1020 1350 υ
1156 1322 1165 1346 2
1267 1319 1277 1350 ι

97 1379 133 1435 ,ς
145 1379 188 1434 g,
262 1327 465 1422 καθαίρεσις
492 1329 672 1419 παντελης
699 1354 762 1400 του
801 1323 969 1399 Ιουδοιιων
996 1326 1116 1402 εθνους
1147 1319 1358 1421 εθεσπιζετο,

96 1459 216 1558 qaenam·
260 1450 318 1527 καὶ
337 1451 385 1530 ὡς
403 1443 611 1552 ἀλλόφυλοι
637 1449 694 1526 καὶ
719 1447 883 1545 πολέμιοι
908 1445 974 1544 τὴν
992 1446 1113 1549 χώραν
1131 1447 1249 1525 αὐτῶν
1267 1453 1356 1525 καθ-

95 1540 182 1688 w
260 1574 414 1680 ἕξουσιν,
447 1578 504 1653 καὶ
537 1578 585 1658 ὡς
620 1575 642 1671 ἦ
674 1579 759 1676 πρὶν
792 1573 920 1675 ἕρημος
953 1575 1016 1670 τῆς
1047 1573 1166 1652 ε’νθέου
1197 1581 1359 1677 τυχοῦσα

259 1826 477 1925 δηλουμένης
504 1824 568 1906 τὸν
596 1825 741 1930 τρόπον,
769 1824 894 1928 ὥσπερ
928 1827 948 1904 ὁ
978 1824 1178 1923 θαυμάσιος
1205 1827 1356 1926 εὐαγγε-

258 1950 389 2050 λισιὴς
401 1950 567 2050 Ἰωάννης
587 1951 594 1995 ¹
599 1950 729 2052 μείζονι
747 1947 771 2050 ἢ
789 1951 881 2032 κατὰ
899 1953 1088 2055 ἄνθρωπον
1101 1953 1359 2056 μεγαλοφωνίᾳ

259 2077 322 2157 τὸν
341 2082 493 2180 Σοπῆρα
520 2082 576 2158 καὶ
598 2077 732 2181 Κύριον
757 2079 857 2177 ἡμῶν
882 2083 1074 2178 θεολογῶν,
1093 2075 1201 2156 αὐτὸν
1227 2076 1270 2176 δὴ
1294 2076 1357 2155 τὸν

259 2213 323 2284 τοῦ
341 2210 437 2285 Θεοῦ
456 2203 589 2306 Λόγον,
608 2202 693 2304 1“τῆς
723 2239 762 2284 τε
788 2211 881 2308 ἱερᾶς
905 2209 1049 2308 γραφῆς
1072 2206 1180 2284 αὐτοῦ
1198 2203 1359 2310 ἀπαρχό-
1369 2246 1402 2281 ιο

260 2365 375 2428 μενος,
402 2332 491 2429 ὁμοῦ
518 2338 563 2435 τῇ
591 2332 760 2438 θεολογίρ
788 2336 846 2412 καὶ
873 2332 939 2431 τὴν
967 2333 1142 2435 ἔνσαρκον
1170 2333 1279 2412 αὐτοῦ
1311 2339 1360 2415 εἰς

260 2456 468 2560 ἀνθρώπους
495 2459 716 2561 παρίστησιν
743 2460 938 2558 ἐπιδημίαν,
964 2461 992 2538 ὲν
1017 2461 1107 2566 ἀρχῇ
1133 2452 1165 2550 ἀν
1194 2461 1355 2560 halym,

263 2594 321 2664 καὶ
357 2594 371 2664 ὁ
400 2590 511 2686 Λόγος
543 2577 576 2678 ἦν
605 2587 686 2693 πρὶς
714 2586 766 2664 τὶν
794 2587 888 2676 ectr,
919 2593 978 2665 aa}
1008 2585 1093 2670 Θαὶς
1124 2579 1157 2677 ἦν
1185 2593 1199 2665 ὁ
1231 2587 1389 2686 Λίγις.(1

300 2747 317 2793 8
329 2739 394 2812 ποῦ]
410 2741 459 2795 ποῖ
472 2739 498 2794 S.
623 2734 638 2780 h
654 2740 890 2810 Πράρρηοις-τδν
903 2739 1013 2812 τρόπον]
1030 2739 1119 2809 Hujus
1133 2739 1185 2795 loci
1197 2739 1356 2812 interpreta-

258 2819 361 2876 tionem
375 2819 465 2874 omisit
479 2821 612 2876 Donatus.
638 2819 778 2893 Supplevit
791 2821 833 2875 ed.
843 2821 927 2878 Paria.
938 2819 985 2892 qni
995 2837 1079 2893 quum
1090 2821 1198 2876 verterit
1211 2817 1358 2892 καθαίρεσις

255 2925 385 3056 ρατραιίρ
395 2925 517 2979 dedimus
531 2924 629 2978 mersio
644 2942 705 2979 cum
720 2925 800 2980 Billio
814 2944 840 2996 p.
849 2923 897 2994 48.
981 2907 1089 2994 luciferi
1104 2923 1133 2976 Ρ.
1222 2917 1354 3004 ιιτῇςγι]

261 3025 306 3072 της
319 3024 348 3057 τι
388 3044 394 3058 .

261 3113 362 3170 modus
384 3113 438 3170 Dei
463 3114 498 3170 ad
522 3115 653 3172 homines
678 3114 855 3190 migrationis
880 3123 1028 3172 caneretur
1049 3114 1169 3180 futurus,
1189 3123 1219 3171 et
1244 3114 1358 3171 ubinam

260 3193 388 3268 gentium
404 3192 526 3250 oriturus
540 3195 749 3269 prediceretur,
765 3195 843 3252 etde
858 3214 913 3270 quo
932 3213 1038 3270 genere
1051 3194 1229 3269 profecturus
1244 3203 1356 3252 sancto·

261 3291 324 3330 rum
339 3273 484 3330 hominum
500 3275 616 3332 vtaeibns
629 3276 759 3334 ferretur.

722 3417 761 3455 AB
776 3417 866 3456 uem
880 3417 901 3455 1.

303 3501 451 3560 Praedictio
464 3502 628 3560 Judoenrum
649 3503 854 3560 incredulitatis
875 3521 944 3577 erga
966 3503 1120 3568 Christum.
1135 3512 1165 3559 et
1183 3503 1296 3577 signnm
1318 3501 1358 3557 eis

263 3583 417 3641 aDomino
436 3583 544 3641 datum.
587 3584 653 3640 Fuit
673 3592 768 3639 antem
790 3583 876 3639 illud:
899 3583 991 3658 Virgo
1012 3601 1153 3658 generans
1168 3582 1282 3653 Denm;
1306 3581 1358 3638 sub

146 3651 170 3678 ²¹⁸
193 3663 213 3728 ,ἶ
263 3663 325 3738 ejns
338 3663 521 3738 generatione
535 3663 700 3720 universalis
709 3663 873 3719 ludaeorum
888 3663 1011 3720 nationis
1022 3665 1131 3721 eversio
1142 3663 1313 3726 trunchetum
1329 3669 1359 3718 et

127 3751 141 3777 ¹¹
221 3759 228 3768 ·
264 3745 337 3802 sicut
357 3743 468 3801 externi
492 3753 522 3800 et
543 3744 642 3800 hostes
664 3743 812 3818 regionem
833 3743 945 3800 illorum
971 3745 1157 3819 occupabunt,
1177 3751 1206 3799 et
1223 3743 1357 3817 quemad·

164 3816 169 3830 '
263 3823 379 3879 modum
400 3842 462 3897 quae
482 3831 566 3881 antea
585 3825 727 3881 desertum
747 3823 800 3880 tuit
819 3825 1019 3898 agriculturam
1039 3824 1141 3881 sortita
1161 3822 1285 3880 divinam
1306 3822 1357 3878 foe·

262 3903 355 3959 cunda
368 3903 430 3959 erit.
472 3903 601 3960 Ecclesia
614 3923 650 3960 ex
664 3903 799 3978 gentibus
813 3903 932 3961 collecta
951 3904 1028 3961 hunc
1045 3905 1212 3961 ostendente
1232 3902 1358 3966 modum,

262 3982 499 4056 quemadmodum
514 3984 624 4041 divinus
639 3982 813 4060 evangelista
824 3984 961 4047 Joannes,
976 3984 1039 4058 plus
1054 4003 1138 4059 quam
1152 3983 1276 4040 humana
1289 3999 1358 4038 voce

262 4060 297 4117 de
319 4061 467 4120 Salvatore
487 4083 520 4120 ac
534 4063 659 4121 Domino
680 4074 788 4130 nostro,
804 4063 839 4120 de
860 4065 931 4137 ipso,
948 4065 1071 4139 inquam,
1087 4064 1141 4120 Dei
1154 4063 1252 4120 Verbo
1271 4062 1359 4119 disse·

261 4158 522 4214 mansuetumque
548 4143 623 4199 illins
647 4143 815 4218 scripturam
840 4143 1086 4217 narrationemque
1108 4143 1288 4218 aggrediens,
1302 4159 1360 4198 nna

262 4235 326 4272 cum
346 4217 407 4291 ipsa
427 4218 463 4274 de
487 4220 534 4274 illa
556 4221 701 4296 theologia
721 4223 847 4296 ejusdem
869 4224 906 4279 ad
927 4224 1057 4279 homines
1078 4241 1221 4280 aceessum
1244 4241 1294 4297 per
1313 4239 1359 4278 us·

123 4315 157 4354 ·¹.
170 4315 187 4343 ¹·
263 4303 406 4369 sumptum
429 4315 531 4370 eorpus
552 4299 677 4370 exponit,
700 4302 739 4356 sic
761 4301 867 4368 dicens,
890 4303 925 4358 In
946 4305 1085 4379 principio
1103 4311 1163 4358 erut
1186 4301 1312 4367 Verbum,
1333 4307 1359 4355 et
