3132 4714
59 269 185 333 -311.
454 252 681 318 DEMONST.
706 255 874 319 EVANG.
900 255 975 320 VII.
995 275 1022 317 1.
1236 257 1300 325 619

197 423 255 499 καὶ
275 422 449 528 ἀγαπητῷ
474 421 682 525 καθεζέσθαι
706 423 975 526 παρεκελεύετο,
990 424 1117 525 λέγων,
1139 424 1240 506 κάθου
1259 426 1330 505 iud

198 543 307 653 θεξιιῦι
337 585 415 653 μου,
446 546 507 633 ἕως
539 545 580 628 liu
611 546 655 628 θῶ
685 547 758 634 τοῦς
790 547 919 655 ἓχθριῦς
951 587 1010 630 σου
1040 547 1213 632 ῦποπίδιιν
1238 552 1299 632 τάν

171 669 306 753 turoldi
335 711 404 755 σου.
462 674 662 774 Συνίστησι
693 674 731 754 δὲ
759 675 892 776 ταύτην
910 677 1020 774 ἡμῶν
1047 675 1113 775 τὴν
1140 683 1188 762 εἷς
1217 677 1299 762 τοῦς

169 825 173 834 ·
197 796 329 882 τόπους
356 801 542 902 ἑρμηνείαν
569 799 736 900 Ἰωάννης
761 803 786 879 4ὁ
816 802 1086 904 εῦαγγελιστῆς,
1111 801 1149 886 ῦς
1177 836 1322 906 παρα-ε

199 925 342 1022 θέμενος
372 923 437 1007 τὰς
469 925 700 1026 προκειμένας
731 935 796 1006 τοῦ
827 927 986 1007 Ἡσαΐου
1015 927 1138 1033 φωνὰς
1175 931 1213 1007 ἐν
1244 928 1300 1014 αἷς

198 1050 324 1151 εἴρητο,
344 1047 510 1148 ὲπιιχῦιθη
528 1048 598 1152 γῦιρ
623 1056 641 1146 ’l
668 1048 791 1158 καρδία
815 1056 870 1133 τοῦ
898 1058 984 1133 λαοῦ
1010 1053 1131 1146 τοῦτον,
1151 1061 1211 1136 καὶ
1231 1061 1299 1142 τοῖς

198 1179 275 1255 ὠσὶν
304 1175 410 1256 αὐτοῖς
438 1174 571 1282 βαρέως
600 1173 753 1270 ἥκουσαν,
776 1185 835 1258 καὶ
864 1176 939 1263 τοῦς
968 1175 1165 1284 ὃφθοιλμνῦς
1193 1180 1299 1260 αῦτιῦν

198 1301 416 1406 ἐκάμμυσαν,
446 1303 603 1408 ἐπιφέρει
634 1307 714 1406 περὶ
746 1311 809 1382 τοῦ
838 1310 1004 1406 Χριστοῦ
1032 1306 1161 1406 λέγων,
1189 1310 1299 1386 ruodrut
1310 1343 1340 1379 10

198 1425 286 1508 εἶπεν
310 1429 475 1518 Ἠσαίας,
498 1428 549 1507 ’ίτε
576 1425 637 1510 eide
665 1427 719 1522 riu
744 1427 843 1538 δόξαν
871 1433 984 1522 αὐτοῦ,
1010 1441 1069 1512 καὶ
1101 1430 1299 1537 ἐμαρτύρησε

172 1561 270 1660 strepi
306 1557 417 1634 αὐτοῦ.
475 1553 577 1634 Ἰδὼν
608 1554 652 1654 δὴ
685 1559 747 1635 οὖν
777 1559 797 1636 ὁ
829 1556 1019 1664 προφήτης
1050 1557 1117 1655 τὴν
1147 1559 1204 1637 ἐπὶ
1236 1566 1300 1635 τοῦ

193 1689 368 1783 πατρικοῦ
399 1678 529 1784 θρόνου
557 1686 621 1781 τῆς
654 1682 771 1762 ἐνθέου
803 1681 911 1789 δόξης
945 1718 985 1762 τε
1017 1687 1076 1764 καὶ
1108 1684 1299 1780 βασιλείας

193 1807 336 1908 ἵδρυσιν
368 1814 431 1885 τοῦ
465 1812 631 1910 Σωτῆρος
667 1809 779 1906 ἡμῶν,
813 1815 863 1914 τῷ
900 1842 937 1885 τε
970 1811 1060 1916 ἁγίῳ
1093 1808 1298 1892 ἐπιθειάσας

192 1932 379 2031 πνεύματι,
405 1935 463 2010 καὶ
491 1933 638 2031 μέλλων
665 1933 748 2039 ἑξῆς
779 1932 845 2033 τὴν
873 1940 921 2018 εἰς
951 1935 1160 2038 ἀνθρώπους
1190 1937 1337 2019 αῦτοῦιο

192 2059 354 2161 πάροδον
387 2061 446 2138 καὶ
476 2057 541 2158 τὴν
572 2062 611 2138 έκ
647 2059 826 2163 παρθένου
858 2061 1028 2161 γέννησιν
1062 2060 1297 2166 ὑπογράφειν,

192 2185 480 2290 προμαρτῦρεται
518 2184 584 2285 τὴν
621 2191 669 2270 είς
711 2192 836 2266 πᾶσαν
872 2185 939 2285 τὴν
974 2192 1045 2288 γῆν
1084 2188 1298 2286 μέλλουσαν
1306 2209 1410 2274 P·311

193 2313 344 2391 ἔσεσθαι
362 2315 501 2413 γνῶσίν
517 2346 555 2392 τε
574 2315 633 2392 καὶ
651 2313 877 2418 δοξολογίαν,
895 2313 942 2392 τὰ
957 2317 1124 2418 Σεραφὶμ
1141 2314 1299 2416 εἰσάγων

196 2447 398 2517 κυκλοῦντα
434 2437 541 2518 αῦτὸν
574 2441 632 2518 καὶ
664 2436 864 2545 φάσκοντα,
903 2441 1014 2542 ὁίγιος,
1049 2440 1162 2541 ἄγοος,
1197 2440 1298 2542 lyrae

198 2563 313 2670 Κῦρος
347 2562 513 2658 Madd,
547 2571 674 2672 πλήρης
706 2568 813 2645 ποῦσα
844 2569 861 2658 ἡ
892 2564 938 2667 pii
969 2565 1027 2658 τῆς
1059 2561 1152 2673 llius
1183 2570 1320 2650 αὐτοῦς

168 2693 289 2775 ςΤίνα
307 2692 337 2768 δ
358 2691 410 2791 ε’ίη
428 2690 475 2769 τὰ
488 2695 654 2797 Σεραφὶμ
672 2690 717 2770 τὰ
735 2691 800 2770 τὸν
814 2689 979 2794 Χριστὸν
997 2700 1061 2770 τοῦ
1081 2696 1175 2771 Θεοῦ
1194 2697 1298 2794 δορυ-

196 2824 389 2922 φοροῦντα,
417 2813 441 2917 ly
471 2815 565 2920 τάχα
592 2817 680 2900 ἴσως
709 2817 876 2918 άγγελων
901 2820 958 2897 καὶ
984 2819 1087 2897 θείων
1115 2816 1298 2915 δυνάμεων

194 2947 306 3049 χοροὶ,
334 2943 357 3045 ἢ
384 2947 442 3023 καὶ
469 2950 667 3052 προφητῶν
692 2949 749 3022 καὶ
775 2940 1014 3041 ἀποστάλων;
1046 2943 1297 3047 Ἑρμηνεθεται

192 3160 342 3217 scabellum
354 3163 455 3236 pedum
472 3169 587 3218 tuorum.
623 3161 782 3218 Confirmet
796 3180 864 3218 vero
877 3161 952 3219 huno
965 3169 1092 3219 nostrum
1106 3163 1135 3218 in
1150 3162 1203 3218 hos
1215 3161 1296 3219 loeus

193 3240 455 3314 interpretationem
469 3240 596 3298 Jounnes
611 3242 803 3317 Evangelista,
818 3242 865 3316 qui
878 3251 1030 3318 postquem
1050 3243 1148 3300 citavit
1166 3243 1296 3317 proxime

194 3321 337 3396 expositas
352 3321 443 3378 Esaiae
458 3340 552 3387 voces,
567 3323 597 3378 in
612 3323 712 3396 quibus
727 3322 833 3380 dietum
848 3331 901 3388 est,
917 3324 1041 3380 Crassum
1054 3323 1242 3397 enimsuetum
1256 3331 1295 3380 eut

193 3421 241 3458 cur
258 3401 358 3478 populi
381 3400 472 3472 hujus,
492 3409 519 3459 et
540 3403 650 3459 auribus
671 3403 729 3458 suis
750 3405 874 3475 guaviter
895 3405 1049 3470 audieruut,
1070 3411 1097 3459 et
1122 3402 1213 3459 oeulos
1232 3419 1295 3459 ςαοο

194 3481 359 3549 clauserunt,
377 3481 508 3557 adjungit
529 3483 565 3539 de
586 3482 712 3546 Christo,
733 3492 762 3539 et
783 3483 860 3549 dicit,
884 3485 951 3539 Huc
973 3485 1041 3538 <ituit
1065 3483 1163 3538 Esaias
1186 3482 1294 3556 quundo

192 3563 260 3619 uidit
272 3564 393 3634 gloriam
406 3560 474 3632 ηὐς,
488 3570 515 3620 et
536 3565 695 3638 testificatus
708 3571 748 3619 ert
764 3563 798 3619 de
815 3582 855 3620 ου.
898 3564 995 3631 Quum
1010 3581 1080 3637 ergo
1096 3561 1213 3616 vidisset
1227 3580 1292 3634 pro-

191 3642 279 3715 phete
293 3641 451 3700 salvatoris
465 3644 556 3700 nostri
570 3661 653 3717 super
666 3651 785 3717 paterna
799 3643 901 3700 divinae
915 3643 1073 3716 mejestatis
1087 3659 1120 3697 ue
1130 3640 1213 3715 regni
1227 3641 1294 3698 sede

192 3723 419 3792 collocationem,
435 3722 586 3798 divinoque
606 3724 667 3798 ipse
686 3729 761 3780 esset
775 3724 874 3797 spiritu
894 3723 1053 3786 instinctus,
1069 3729 1199 3794 essetque
1214 3721 1295 3778 deiu-

192 3819 259 3878 eeps
273 3802 400 3874 ejusdem
416 3803 451 3858 ad
462 3804 592 3860 homiues
602 3821 747 3860 necessum
762 3813 912 3878 ortumque
926 3803 961 3859 de
970 3803 1081 3877 virgine
1091 3800 1292 3876 descripturus,

192 3884 270 3956 prius
283 3883 452 3939 testificatur
466 3903 538 3949 eam,
553 3903 614 3958 quae
628 3884 658 3940 in
673 3902 786 3940 omnem
800 3893 905 3940 terrum
926 3891 1096 3957 perventum
1110 3890 1179 3947 erut,
1193 3885 1294 3960 cogni-

192 3963 311 4027 tionem,
339 3972 369 4020 et
396 3964 494 4038 gloriae
526 3964 765 4038 praedieutionem‚
793 3964 855 4039 ipsu
883 3963 1032 4036 Seraphim
1063 3962 1199 4021 inducens
1231 3984 1293 4038 quae

192 4044 299 4100 circum
313 4043 393 4100 illum
411 4051 528 4110 starent,
548 4063 581 4101 ue
602 4045 738 4108 dicerent,
754 4045 881 4109 Sanctus,
895 4052 1013 4107 sanctus,
1028 4051 1142 4108 sauctus,
1158 4045 1294 4108 Dominus

192 4123 327 4188 Sabaoth,
339 4125 423 4199 plenu
438 4132 477 4180 eut
491 4128 576 4181 οιιιιιὶς
590 4133 661 4182 terra
674 4123 765 4198 gloria
775 4122 842 4194 ejus
886 4121 945 4180 Sed
960 4141 1088 4198 quaenem
1103 4123 1293 4180 existimanda

192 4213 258 4260 sunt
281 4205 343 4261 haee
363 4203 523 4279 Seraphim,
539 4205 686 4262 Christum
710 4202 765 4258 Dei
787 4203 942 4278 stipantiu?
971 4223 1039 4260 num
1062 4203 1181 4259 forsitan
1204 4221 1292 4277 unge-

191 4283 284 4341 lorum
307 4305 339 4342 ue
361 4285 518 4343 divinarum
535 4293 708 4360 potestatum
728 4283 830 4340 chori?
852 4303 889 4340 uu
903 4302 971 4342 vero
985 4284 1185 4358 prophetorum
1207 4290 1292 4354 utque

735 4395 785 4434 02
