3130 4722
256 237 320 305 rm
702 239 887 304 nusnnu
1332 261 1500 329 9374-

255 405 425 498 βωτιλιῦς
453 407 513 488 τῶν
531 405 714 504 Ἰουδαίοις
744 411 803 488 Δι’
827 405 877 488 ῶν
904 413 1035 514 σαφῶς
1063 409 1263 511 παρίστησι
1296 409 1356 487 καὶ
1364 439 1398 502 p·
1409 433 1452 503 37
1456 434 1478 504 5

256 541 320 614 τοῦ
338 533 555 640 ἀλλοφύλου
574 534 639 633 τὴν
658 538 732 615 κατ’
753 537 871 616 αὐτῶν
888 535 1013 642 ἀρχὴν,
1031 540 1090 616 καὶ
1108 541 1181 614 τῶν
1203 535 1247 640 ἐξ
1262 536 1353 613 ἀνα-

257 667 367 760 τολῆς
398 664 624 768 ἀλλοφύλων
655 665 766 743 ἐθνῶν
794 663 859 763 τὴν
889 661 959 744 tini)
988 671 1052 743 τοῦ
1080 668 1176 743 θεοῦ
1207 667 1354 761 κλῆσιν.

219 791 375 888 48Ὁμοῦ
402 824 440 868 τε
467 787 539 893 γὰρ
559 791 740 871 Ἰουδαίων
767 787 974 897 ἀλλόφυλοι
1002 788 1182 893 ἐκράτουν,
1206 791 1264 867 καὶ
1290 786 1357 868 τὸν

256 913 371 995 πύλαι
397 914 709 1022 προφτπευόμενον
732 917 897 1018 Χριστὸν
922 925 985 997 τοῦ
1011 921 1106 996 Θεοῦ
1134 913 1380 1018 ἐγίγνωσκόνε

256 1074 295 1120 τε
313 1044 372 1120 καὶ
389 1042 633 1144 προσεκύνουν
650 1041 868 1148 ἀλλόφυλοι,
881 1044 925 1150 ἐξ
936 1046 1124 1122 ἀνατολῶν
1136 1040 1355 1128 ἐπιστάντες.

258 1167 402 1246 Οὐκοῦν
422 1174 554 1274 σαφῶς
573 1167 630 1248 διὰ
655 1168 791 1250 τούτων
809 1168 914 1253 τέλος
936 1169 1071 1274 ἔχουσα
1095 1176 1159 1249 τοῦ
1176 1167 1309 1263 Ἰακὼβ
1332 1169 1356 1266 ἡ

1554 1097 1555 1146 ι

1554 1199 1555 1288 i

256 1293 457 1397 προφητεία
484 1295 668 1391 δείκνυται,
696 1297 748 1374 ἐπ’
778 1296 934 1399 ἐσχάτου
959 1299 1022 1394 τῆς
1049 1293 1264 1378 συστάσεως
1291 1301 1357 1373 τοῦ

255 1421 436 1500 Ἰουδαίων
460 1420 581 1504 ἔθνους
608 1423 903 1517 ἀποτελεσθεῖσα,
922 1421 1046 1524 ῶσπερ
1069 1422 1131 1502 οῦν
1153 1420 1259 1504 αὐτὸς
1281 1427 1403 1504 τοῖςιο

257 1549 383 1627 ἑαυτοῦ
405 1551 533 1628 παισὶν
552 1548 755 1638 ἐθέσπισεν,
775 1549 894 1629 εἰπών·
927 1547 1115 1646 Συνθχθητε
1139 1549 1197 1628 ‘im
1223 1553 1353 1649 ιἰπιιγ-

257 1677 365 1776 γείλω
382 1680 469 1780 ὑμῖν,
488 1677 523 1754 τί
539 1677 755 1780 ruphinus
777 1679 851 1778 ὑμῖν
877 1673 950 1756 '’in'
971 1676 1118 1772 ἐσχάτου
1141 1673 1201 1754 τῶν
1222 1673 1390 1782 ἡμερῶνὶν

258 1798 415 1904 ἐσχάτας
433 1799 565 1903 ἡμέρας
584 1801 759 1881 νοούντων
785 1802 885 1901 ἡμῶν
903 1801 949 1882 τὰ
972 1802 1111 1907 ἔσχατα
1129 1806 1193 1900 τῆς
1209 1800 1355 1882 συστά-

219 1958 353 2009 ευσεως
370 1933 434 2004 τοῦ
451 1927 632 2006 Ἰουδαίων
651 1926 783 2009 ἔθνους.
818 1929 869 2007 Τί
884 1931 974 2027 δῆτα
992 1933 1083 2008 ιιδεῖν
1101 1929 1220 2011 αὐτοῖς
1236 1932 1355 2008 ἀπαν-

257 2057 324 2130 τᾶν
352 2052 527 2149 ἐμελλεν;
559 2053 718 2158 ἔκλειψις
744 2052 810 2152 μὲν
836 2057 900 2152 τῆς
924 2056 1037 2158 ἀρχῆς
1054 2054 1181 2151 Ἰούδα,
1207 2057 1266 2134 καὶ
1292 2062 1381 2134 τοῦς

257 2175 390 2261 παντὸς
416 2177 538 2262 ἐθνους
567 2180 683 2258 αὐτῶν
710 2180 923 2281 καθαίρεσις,
948 2180 1072 2260 παῦλά
1099 2215 1139 2261 τε
1166 2185 1224 2261 καὶ
1251 2181 1358 2288 λῆξις

258 2313 330 2386 τῶν
349 2305 552 2408 ἡγουμένων
570 2307 697 2404 αὐτῶν,
717 2308 856 2405 καὶτῆς
875 2311 995 2412 φυλῆς
1013 2305 1142 2388 “airon
1160 2317 1224 2388 τοῦ
1241 2317 1354 2403 βασι-

258 2440 362 2512 λικοῦ
390 2435 448 2512 καὶ
478 2435 626 2537 ἀρχικοῦ
656 2431 858 2537 ἀξιώματος
885 2430 1095 2531 κατάλυσις,
1121 2440 1286 2536 Χριστοῦ
1319 2435 1359 2515 δὲ

258 2556 352 2661 ἀρχὴ
380 2559 439 2636 καὶ
465 2558 645 2651 βασιλεία,
674 2558 716 2635 ού
747 2565 811 2636 τοῦ
837 2556 990 2659 Ἰσραὴλ
1018 2558 1119 2638 ἀλλὰ
1146 2567 1220 2640 τῶν
1246 2563 1360 2640 ἐθνῶν

260 2681 428 2764 ἁπάντων
453 2682 628 2786 ἄρχουσα,
647 2681 740 2761 κατὰ
762 2681 815 2780 τὸ,
837 2689 896 2763 nni
922 2686 1022 2770 υῦτδς
1044 2682 1233 2793 προσδοκία
1258 2686 1357 2768 ἐθνῶν.
1370 2725 1402 2762 ιο

220 2840 252 2889 ιο
260 2811 326 2893 Τίς
351 2811 380 2889 δ
401 2809 465 2889 οῦκ
490 2805 534 2886 διν
560 2807 796 2910 ὁμολογήσειε
820 2816 933 2888 ταῦτα
959 2811 1071 2893 οὕτως
1089 2817 1220 2917 σαφῶς
1237 2815 1358 2916 ἐπὶτῇ

454 2967 541 3043 bein']
560 2969 600 3026 ἐπ’
615 2971 647 3026 P.
730 2971 886 3027 etrtvndd.
903 2972 934 3026 Ρ.
1017 2967 1125 3040 ‘latete
1138 2972 1167 3027 S.

260 3103 341 3154 natus
354 3105 393 3153 err
412 3115 460 3153 res
473 3095 660 3155 Judaeornnr
682 3099 717 3154 ln
736 3117 792 3173 quo
813 3097 896 3173 piene
915 3098 1040 3155 ostendit
1060 3107 1090 3155 et
1106 3099 1216 3156 externi
1237 3098 1360 3158 hominis

261 3176 290 3233 in
312 3175 375 3233 ilios
391 3177 550 3251 imperium,
571 3187 601 3236 et
619 3187 800 3236 externarum
819 3178 855 3235 ub
876 3178 985 3236 oriente
1006 3180 1135 3254 gentium
1156 3199 1173 3236 a
1192 3180 1256 3236 Deo
1275 3199 1360 3238 voce·

260 3257 377 3314 tionem.
419 3257 529 3314 Eodem
553 3260 628 3316 enim
650 3269 779 3334 tempore
804 3268 834 3315 et
855 3259 966 3316 externi
989 3259 1097 3318 Judaeis
1124 3259 1308 3334 imperabant.
1331 3269 1362 3318 et

262 3337 407 3396 Christum
428 3338 491 3404 Dei,
514 3339 550 3396 de
570 3359 626 3414 quo
648 3341 794 3415 prophete
812 3338 900 3396 locuti
918 3339 1039 3406 fueraut,
1059 3340 1170 3398 externi
1189 3340 1225 3397 nb
1245 3339 1362 3400 orientis

262 3419 390 3494 pertibus
403 3418 522 3495 proiecti
537 3427 566 3476 et
580 3429 777 3494 cognoverunt
795 3428 825 3477 et
843 3420 1040 3477 adoraverunt.
1083 3419 1161 3496 Ergo
1174 3421 1258 3494 pinne
1272 3421 1301 3476 in
1316 3419 1362 3477 his

261 3501 347 3560 finem
375 3519 458 3557 snum
485 3499 654 3575 contingens
684 3500 950 3575 prophetia.Jacob
978 3509 1095 3574 apparet
1123 3500 1361 3575 quemadmodum

262 3581 402 3654 complete
423 3579 469 3646 sit,
491 3599 577 3655 quum
599 3580 636 3636 ud
654 3588 811 3638 extremum
831 3581 875 3638 sui
896 3590 987 3638 status
1000 3581 1120 3638 Judaice
1140 3599 1213 3655 gens
1226 3581 1361 3646 venisset,

262 3661 409 3735 sicutipse
423 3679 534 3735 quoque
548 3661 584 3718 ed
598 3678 664 3716 snos
685 3661 758 3718 filios
778 3661 880 3718 cecinit
902 3680 989 3736 quum
1011 3661 1092 3726 dixit,
1110 3662 1316 3736 Conprepnmini
1330 3670 1363 3718 ut

263 3745 419 3798 annuntiem
442 3741 516 3797 uobis
540 3743 605 3816 quid
628 3749 785 3798 eventurum
809 3743 844 3798 sie
868 3742 942 3798 υοὶιίι
962 3743 991 3796 in
1011 3749 1131 3798 ενιτιιαο
1155 3742 1280 3799 dierum:
1307 3760 1361 3800 nos

263 3821 339 3877 enim
354 3829 498 3878 extremos
512 3821 696 3895 intelligimus
710 3821 770 3877 dies
791 3830 919 3880 extrema
933 3829 1023 3878 status
1037 3822 1056 3878 J
1059 3821 1163 3878 udnicae
1178 3821 1273 3896 gentis
1286 3831 1359 3879 tem-

263 3918 343 3976 pore.
384 3903 536 3966 Caeterum,
551 3901 619 3974 qnid
632 3901 747 3957 taudem
767 3901 808 3957 illi
829 3909 996 3958 eventurum
1016 3900 1090 3958 suit?
1112 3920 1214 3976 nempe
1235 3901 1361 3959 defectus

264 3978 380 4035 honoris
394 3980 486 4046 Judae,
502 3991 530 4038 et
549 3981 686 4038 universae
706 3978 768 4054 ejus
788 3981 883 4056 gentis
902 3981 1032 4046 sublatio,
1053 3981 1132 4056 quies
1153 3990 1183 4038 ct
1199 3981 1361 4040 terminatio

265 4058 368 4114 ducum
385 4060 522 4132 ejusdem,
537 4062 627 4118 tribus
647 4060 735 4136 ipsius
756 4061 929 4136 principatus
950 4062 1091 4137 regiaeque
1113 4060 1259 4137 dignitatis
1278 4062 1359 4118 dissi-

263 4137 350 4210 patio.
366 4137 474 4193 Christi
488 4140 636 4213 imperium
651 4150 680 4198 et
697 4161 827 4216 regnum,
842 4161 901 4198 non
918 4142 995 4216 quod
1015 4143 1045 4199 in
1059 4141 1147 4198 Israel
1166 4141 1217 4200 sed
1238 4143 1312 4216 quod
1331 4143 1361 4198 in

265 4215 396 4270 omnibus
410 4217 543 4287 gentibus
558 4219 758 4284 dominaretur,
770 4223 854 4294 juxte
867 4220 993 4284 illudne
1008 4225 1063 4296 ipsc
1073 4221 1361 4296 espectatiogeniium.

265 4291 323 4348 Sed
338 4292 399 4365 quis
414 4311 471 4347 non
486 4292 567 4366 plane
584 4295 706 4355 fateatur
725 4300 820 4356 omnia
839 4299 899 4354 haec
913 4299 941 4354 in
957 4299 1113 4358 salvatoris
1127 4301 1217 4356 nostri
1238 4300 1362 4360 adventu
