3120 4716
56 261 188 340 -481.
435 265 663 330 DEMONST.
688 266 858 332 EVANG.
885 270 928 332 X.
943 259 977 346 4.'
1240 275 1305 342 911⁸.)

199 425 368 526 Ἰερεμίου
383 431 592 534 προφητείᾳ,
607 429 672 508 εἴτε
692 427 761 532 χρὴ
780 432 940 509 ὑπονοεῖν
958 435 1195 535 περιῃρῆσθαι
1213 430 1345 510 aritiam

199 548 243 654 ἐξ
260 549 369 646 αὐτῆς
391 550 482 629 κατά
503 585 583 630 τινα
605 548 885 654 ῥοδιουργίαν,ἢ
915 556 974 630 καὶ
996 552 1184 658 ισφάλμα
1208 569 1333 657 ppo-b

200 673 307 778 φαιὸν
326 677 520 776 γεγονέναι,
539 683 612 755 τῶν
635 676 876 779 ἀμελέστερον
900 677 946 759 τὰ
971 685 1044 757 τῶν
1069 685 1170 780 ἱερῶν
1193 681 1300 781 εὐαγ-

199 800 331 899 γελίων
360 801 564 906 ἀντίγραφα
596 802 841 900 πεποιημένων
873 805 1081 907 σφαλέντος
1114 838 1218 900 τινος,
1247 809 1305 884 καὶ

199 925 277 1000 ἀντὶ
309 922 374 1021 μὲν
407 934 471 1005 τοῦ
503 927 684 1029 Ζαχαρίου
711 927 883 1030 Ἰερεμίαν
914 927 1118 1025 πεθεικότος,
1147 933 1197 1012 ὡς
1226 930 1305 1007 δέον

200 1051 311 1131 οὕτως
357 1050 640 1156 ἀναγεγράφθαι,
688 1055 760 1133 rire
812 1051 978 1160 ἐπληρώθη
1031 1051 1068 1133 ri
1119 1053 1200 1160 ῥηθὲν
1246 1051 1326 1135 aias

164 1175 373 1281 ιιΖαχαρίιυ
411 1178 466 1255 τοῦ
503 1179 682 1282 προφήτου,
721 1179 800 1256 ἀντὶ
839 1176 876 1255 δὲ
919 1185 994 1272 τοῦ,
1027 1175 1109 1256 ἰ’καὶ
1150 1177 1304 1271 ἐνέβαλον

201 1296 319 1383 αὐτοὺς
338 1307 383 1383 εἰς
401 1300 453 1379 rii
473 1297 556 1380 οἶκον
578 1303 699 1405 Κυρίου,
716 1309 761 1386 είς
780 1302 816 1380 ri
836 1303 1046 1408 χωνευπίριον,
1065 1303 1303 1406 ε’σφιιλμένως

200 1423 442 1522 πεποιηκότος,
459 1432 519 1504 καὶ
540 1420 667 1505 tiam
685 1423 777 1506 αὐτὶ
795 1434 839 1511 είς
859 1425 910 1506 riv
929 1427 1028 1528 ἀγρλν
1046 1431 1102 1506 τοῦ
1121 1424 1300 1532 κεραμέως.

202 1553 335 1652 Σαφῶς
353 1547 425 1649 γὰρ
443 1547 501 1627 διὰ
524 1547 589 1646 μὲν
613 1553 677 1648 τῆς
698 1549 918 1656 προφητείας
936 1555 984 1630 είς
1002 1549 1065 1628 τὸν
1083 1558 1147 1630 τοῦ
1167 1551 1302 1653 Κυρίου
1313 1589 1343 1623 ιο

201 1670 286 1751 ναὸν
303 1675 467 1779 ἐρρίφθια
486 1673 629 1774 λέγεται
646 1672 688 1753 τὸ
706 1672 885 1777 ἀργύριον,
904 1676 963 1752 καὶ
986 1675 1029 1752 δι’
1046 1676 1155 1754 αὐτοῦ
1169 1676 1217 1776 ’δὲ
1238 1684 1327 1756 ratio

201 1798 412 1899 εὐαγγελίου
436 1805 485 1881 είς
509 1797 572 1878 τὸν
596 1797 694 1878 ναόν·
733 1809 746 1843 ⁸
758 1794 871 1905 ῥίφας
898 1807 997 1898 γοῦν,
1021 1805 1145 1904 φησίν,
1171 1797 1302 1888 Ἰιιίθας

164 1922 248 2010 aaa
273 1923 414 2031 ἀργύρια
443 1931 490 2008 είς
523 1923 575 2004 ria
605 1924 675 2004 raia
703 1923 900 2032 ἀνεχώρησε.
961 1927 1033 2002 Καὶ
1064 1923 1155 2009 είκός
1183 1959 1225 2027 γε
1262 1927 1306 2033 ἐξ

200 2049 340 2128 ἐκείνων
364 2055 437 2127 τῶν
460 2048 638 2151 ἀργυρίων
656 2046 818 2146 βέβηλον
835 2051 1017 2150 γεγονέναι
1039 2049 1103 2129 τὸν
1129 2047 1225 2146 ναὸν,
1243 2052 1302 2128 καὶ

100 2269 106 2278 .
200 2179 461 2275 πεπληρῶσθαι
484 2172 537 2269 τὸ,
557 2168 624 2252 iiii
650 2175 792 2276 ἀφίεται
820 2179 894 2279 ὑμῖν
920 2186 935 2256 i
959 2175 1047 2261 οἶκος
1065 2175 1154 2280 ὑμῶν
1173 2175 1324 2282 ippone-⁵

202 2301 274 2377 Καὶ
307 2297 374 2401 ὅρα
400 2331 444 2399 γε
475 2297 614 2398 μήποτε
641 2297 878 2402 χωνειπήριον
908 2301 927 2378 ὁ
958 2297 1053 2384 οἶκος
1082 2299 1216 2402 Κυρίου
1244 2299 1302 2379 διὰ

198 2431 304 2504 τοῦτο
331 2423 509 2522 κέκληται,
528 2425 669 2527 ἐπείπερ
694 2429 742 2508 ὡς
769 2427 808 2503 ἐν
831 2426 960 2532 χωνείᾳ
986 2426 1302 2523 μεταπλάττεσθαι

198 2547 262 2630 τὰς
286 2547 410 2651 ψυχὰς
435 2550 473 2626 εἰ(
500 2552 563 2646 τῆς
591 2555 663 2627 τῶν
689 2551 791 2629 θείων
817 2549 940 2652 λόγων
966 2551 1161 2653 πυρώσεως
1188 2555 1226 2628 έν
1250 2559 1302 2656 τῷ

199 2682 262 2754 τοῦ
288 2679 384 2752 Θεοῦ
411 2673 495 2779 οἵιιιρ
522 2673 762 2774 συμβοίνεηῆ
791 2675 916 2758 ἄλλως
933 2675 1223 2777 ἀάπελέγχεσθαι
1249 2675 1341 2773 pavito

200 2795 366 2898 καθαρὰς,
386 2801 434 2880 ὡς
460 2799 498 2876 ἐν
524 2799 747 2904 χωνευπηρίιρ
775 2798 998 2898 πυρουμένας
1025 2802 1084 2877 καὶ
1111 2798 1297 2901 δοκιμαζο-

241 2951 317 3036 ιωΓ
333 2967 361 3022 a.
376 2967 405 3020 in
418 2983 502 3038 mog.
652 2959 724 3019 bna
737 2966 797 3020 aaa.
813 2966 845 3020 r.
989 2963 1111 3036 εἰιψιι
1123 2967 1185 3020 »aaa
1197 2983 1253 3023 om.
1270 2967 1299 3021 s.

200 3042 413 3118 diaeiipxnoi]
430 3045 623 3116 ἀπιλίγχισθοι
638 3045 669 3100 Ρ.

201 3171 374 3230 Hieremiam
401 3171 579 3246 prophetam,
608 3190 676 3228 nam
705 3173 835 3229 arbitrari
862 3181 993 3246 oporteat
1021 3193 1054 3231 ea
1080 3193 1131 3248 per
1159 3173 1300 3248 quandam

200 3253 335 3309 malitiam
354 3269 391 3308 ex
414 3252 463 3308 illo
482 3251 593 3308 sublata
615 3269 686 3316 esee.
708 3270 744 3308 an
765 3271 834 3308 vero
857 3251 963 3308 librarii
985 3261 1109 3309 erratum
1133 3253 1229 3321 iuiaae,
1252 3253 1299 3328 qai

199 3332 390 3407 negligentiae
412 3339 575 3388 sanatorum
598 3330 810 3405 evangeliorum
832 3331 1006 3405 exemplaria
1029 3331 1191 3398 coniecerit.
1214 3342 1300 3389 etex

199 3411 375 3487 negligentia
397 3411 426 3467 in
449 3430 574 3468 errorem
598 3411 736 3476 inciderit,
756 3421 786 3467 et
809 3429 862 3485 pro
886 3410 1024 3466 Zacharia
1047 3411 1174 3486 posuerit
1197 3411 1298 3468 Hiere-

200 3492 296 3556 miam,
320 3500 420 3566 utpote
447 3509 533 3566 qaum
560 3490 602 3547 ita
628 3489 734 3564 scripto
761 3508 832 3564 apua
855 3490 950 3555 fuerit,
976 3497 1040 3546 tanc
1063 3493 1224 3564 completam
1248 3500 1298 3556 eat,

200 3573 273 3645 qood
299 3575 400 3628 dietum
428 3579 468 3628 eat
491 3589 543 3646 per
565 3570 730 3627 Zachariam
755 3569 927 3644 prophetam.
970 3569 1026 3625 Pro
1046 3587 1081 3626 eo
1104 3579 1200 3626 autem
1223 3570 1299 3644 qaod

201 3670 349 3725 perperam
362 3669 532 3708 conversum
546 3658 600 3714 est,
610 3659 637 3706 et
651 3650 780 3706 miserunt
794 3668 839 3706 eoa
852 3650 881 3706 in
892 3649 970 3706 domo
979 3650 1093 3705 Domini
1108 3649 1297 3722 iason-nocem,

202 3731 309 3787 dictam
329 3739 374 3787 eat
391 3731 468 3794 iilud,
485 3731 523 3786 Et
543 3732 606 3786 dedi
626 3749 670 3786 eor
690 3733 718 3785 ia
736 3749 833 3805 aprum
851 3729 945 3803 figuli.
988 3729 1074 3785 Plane
1093 3728 1167 3784 enim
1188 3729 1218 3784 in
1239 3729 1300 3802 ipsa

201 3811 350 3885 prophetia
363 3810 393 3866 in
406 3809 515 3886 templo
529 3807 646 3864 Domini
661 3810 819 3884 projectam
831 3808 918 3866 suinae
932 3816 1082 3882 argentam
1097 3808 1208 3872 dieitur,
1220 3817 1249 3864 et
1262 3808 1299 3865 ab

201 3890 350 3965 evangelio
363 3890 461 3946 itidem
474 3889 503 3945 in
517 3888 631 3962 templo,
647 3887 779 3960 Prajectia
799 3890 879 3952 enim,
894 3887 993 3961 inquit,
1008 3888 1098 3944 Jodaa
1118 3889 1251 3962 argenteis
1271 3887 1299 3944 ia

202 3970 309 4044 templo,
335 3972 451 4026 reeeaait.
495 3969 534 4025 Et
555 3987 623 4025 sane
645 3987 757 4042 aequum
781 3977 825 4024 est
847 3987 883 4024 ex
907 3967 964 4023 illia
992 3967 1135 4040 argenteis
1162 3967 1299 4040 templum

201 4049 287 4105 iaiaae
308 4049 497 4124 profanatum.
513 4055 543 4104 et
561 4047 732 4121 completum
753 4046 840 4104 fuisse
858 4045 937 4110 illud,
953 4047 1024 4102 Ecce
1045 4046 1206 4121 reliaqoitar
1225 4046 1300 4104 ναοῖς

201 4129 296 4185 ciamus
318 4138 410 4186 vestra
430 4131 543 4186 deserta.
587 4127 676 4183 Porro
697 4134 792 4183 autem
813 4126 899 4182 etiam
919 4125 988 4182 iilud
1009 4127 1298 4199 contemplaremur

200 4208 299 4265 fornax
321 4209 397 4265 dicta
417 4207 454 4264 ait
470 4208 570 4264 domus
584 4207 708 4274 Domini,
723 4215 875 4280 propterea
892 4206 969 4279 quod
987 4205 1137 4279 intemplo
1151 4205 1205 4262 Dei
1219 4205 1299 4279 quasi

201 4289 230 4345 in
244 4289 358 4346 fornace
373 4287 536 4345 conflatoris
555 4288 665 4346 animos
685 4305 720 4343 ex
739 4286 898 4344 divinorum
919 4304 1082 4344 sermonum
1103 4285 1195 4342 calore
1217 4293 1300 4357 atque
