3120 4716
274 238 339 304 946
722 239 908 304 EUSEBll
1353 257 1506 325 p.479-

275 413 375 514 ιερεῖς,
416 405 504 487 εἶπεν
542 411 664 497 αὐτοῖς,
694 409 737 487 Τί
773 405 886 486 θέλετέ
918 441 976 510 μοι
1015 402 1134 494 doricae,
1170 402 1272 504 noiyd
1304 407 1381 507 ὑμῖν

274 527 470 639 παραίοίιτα
490 535 606 625 αὐτίνς
637 542 664 611 oi
684 527 719 612 di
740 532 880 624 ἔστησαν
895 537 987 637 αὐτῷ
1004 529 1181 634 τριάκοντα
1199 525 1379 630 πτατιῖρας.

277 655 463 761 Σύμφωνα
482 657 545 735 οὖν
562 655 675 736 ταῦτά
693 659 772 735 ἐστι
790 662 852 762 τῷ,
870 663 929 735 καὶ
951 655 1093 748 ’ἔστησαν
1112 655 1164 733 τοι
1182 649 1296 758 μισθόν
1313 679 1403 758 μους

277 783 453 888 τριοίιιοιτα
479 782 647 890 ἀργύρεος,
667 785 771 886 ἐντῇ
799 781 1001 886 προφητείᾳ
1024 778 1194 886 εἰρημένῳ
1221 778 1289 858 ὑπὸ
1313 787 1379 858 τοῦ

252 907 423 1008 ςΚνρίου.
473 909 577 987 Ἀνθ’
600 908 642 986 οὖ
665 910 684 986 ὁ
710 906 775 1005 μὲν
802 906 997 1009 Σύμμαχος
1015 906 1171 1004 ἐποίησε,
1192 911 1250 986 οιαὶ
1278 903 1379 984 ἐπτοί-

276 1031 399 1137 θμιοαν
417 1032 470 1114 rb
487 1032 601 1138 μιαθοί
618 1071 685 1134 μον
708 1034 885 1140 τριάκοντα
908 1030 1079 1137 ιὀργιίρονς·
1111 1029 1188 1109 bb&
1205 1029 1376 1122 Ἀκύλας,

277 1165 336 1238 καὶ
358 1157 498 1250 dornone
517 1155 567 1238 τοι
585 1155 696 1262 μισ-θον
714 1196 779 1262 μον
797 1157 975 1265 τριοίιιοντα
993 1155 1161 1264 οὶργιίρους.
1213 1153 1281 1238 Οἷς
1299 1158 1377 1234 ε’πι·

275 1283 426 1384 λέγεται,
454 1289 514 1364 καὶ
545 1281 618 1362 εἷπε
650 1283 761 1388 Κύριος
789 1285 870 1388 πρίς
899 1318 956 1385 με,
988 1280 1096 1367 Κιίθος
1125 1278 1240 1365 αὐτοὺς
1269 1288 1314 1366 εἰς
1341 1281 1423 1360 rim

275 1409 486 1512 χαιιοτῆριον,
506 1414 565 1486 καὶ
592 1401 732 1509 οκίφαι
754 1415 779 1486 ei
805 1402 940 1510 diemde
965 1409 1062 1496 ἐστιν,
1082 1409 1114 1487 ὃν
1135 1407 1250 1513 τρίπον
1272 1399 1380 1484 idom-

319 1530 329 1559 Ι
431 1539 438 1558 ε
477 1531 486 1558 b
555 1539 560 1558 ι
593 1531 613 1550 Ν
666 1533 675 1558 2
761 1533 769 1559 t
813 1532 829 1568 Q
890 1530 900 1556 Ι
985 1532 994 1556 Q
1051 1530 1061 1558 ἱ
1095 1529 1104 1554 t
1176 1528 1186 1554 Ι
1354 1533 1365 1559 x

251 1531 404 1636 ομοπθην
423 1568 501 1640 οπερ
521 1567 636 1612 ouran.
679 1539 759 1612 Ανθ
788 1567 829 1611 ον
848 1541 961 1610 παλιν
979 1565 999 1609 ο
1018 1565 1083 1628 μεν
1107 1537 1254 1613 Ακυλας
1272 1535 1377 1635 φησι,

277 1665 336 1736 καὶ
360 1655 434 1736 εἷπε
455 1657 567 1765 Κύριος
588 1658 666 1765 πρίς
684 1692 741 1760 με,
760 1653 868 1741 Κόθος
887 1651 1002 1740 αὐτοῖις
1031 1663 1077 1739 εἷς
1100 1653 1137 1734 το
1162 1657 1376 1759 χοιιεοπὶμον,

274 1779 372 1891 ρ’ίφον
400 1780 492 1861 αὐτα
522 1781 602 1886 πρὶς
634 1782 687 1860 τοι
716 1781 885 1873 πλοίοτην·
915 1778 1137 1888 ὑπερμεγέθης
1170 1785 1187 1872 ἡ
1220 1777 1312 1884 τιμη,
1343 1779 1377 1871 ἣν

274 1903 418 2010 ἐτιμήθην
441 1905 519 2013 ὑπὲρ
543 1904 659 1984 adreio.
721 1910 792 1984 Καὶ
819 1904 979 2007 πρόσχες
1006 1904 1085 1983 τίνα
1112 1901 1246 2004 τρόπον
1270 1900 1416 2005 αὐτὸςρ.
1425 1919 1487 2003 480

275 2031 295 2107 ὁ
323 2029 454 2132 Κύριος
472 2029 578 2128 τιμὴν
603 2033 728 2110 ἑαυτοῦ
754 2031 926 2132 ὁμολογεῖ
940 2029 1022 2114 τοὺς
1044 2028 1234 2132 τριάκοντα
1259 2027 1372 2130 ἀργοί·

253 2187 358 2258 roone
376 2155 554 2235 δεδόσθαι.
597 2153 719 2234 Ἔοικε
737 2155 774 2235 δὲ
793 2156 816 2248 ἡ
834 2160 898 2253 τῆς
916 2153 1047 2260 λέξεως
1065 2152 1200 2232 διάνοια
1217 2153 1377 2232 τοιοῦτόν

275 2315 354 2361 τινα
387 2282 569 2385 ἐμφαίνειν
598 2290 693 2360 νοῦν·
735 2280 829 2380 ’ἐγὼ
856 2280 921 2378 μὲν
950 2284 971 2358 ὁ
1001 2279 1132 2381 Κύριος
1166 2283 1205 2358 ἐκ
1233 2280 1400 2382 medimnos

273 2403 474 2511 ἀρξάμενος
491 2403 624 2508 ἡμέρας
641 2407 683 2484 οὐ
702 2406 862 2484 διέλιπον
880 2409 942 2504 τῆς
961 2407 1114 2504 ε’μαντοῦ
1132 2403 1377 2508 χρηστότητος

276 2531 358 2627 ὑμῖν
384 2537 457 2613 τοῖς
487 2532 525 2608 ἐκ
556 2533 746 2630 περιτομῆς
776 2531 949 2631 δείγματα
978 2529 1154 2632 παρέχων,
1183 2537 1240 2607 καὶ
1268 2530 1377 2630 μυρία

276 2654 348 2734 ὅσα
381 2657 471 2752 ὑμᾶς
504 2655 706 2756 εὐεργετῶν,
734 2656 776 2734 οὐ
809 2655 920 2752 μόνον
948 2654 994 2734 τὰ
1022 2653 1081 2734 διὰ
1109 2661 1182 2733 τῶν
1209 2655 1376 2733 ἀνέκαθεν

275 2786 483 2883 προφητῶν,
502 2778 601 2857 ἀλλὰ
627 2781 685 2857 καὶ
710 2777 755 2856 τὰ
780 2776 839 2858 διὰ
864 2784 927 2876 τῆς
951 2782 1104 2875 ἐμαυτοῦ
1121 2780 1320 2880 παρουσίας
1338 2779 1376 2856 ἕν

697 2933 771 3018 ’σημ
787 2949 815 3003 S.
830 2949 859 3002 in
873 2966 957 3020 marg.

274 3075 412 3147 principes
425 3075 594 3129 sacerdotum
610 3073 679 3130 diri!
694 3076 731 3129 eie
741 3097 751 3130 .·
774 3075 839 3148 quid
853 3074 939 3130 uultis
952 3074 1018 3131 mibi
1032 3075 1108 3139 dare,
1123 3081 1150 3130 et
1163 3092 1213 3148 ερο
1228 3093 1289 3130 ενοι
1303 3075 1377 3132 uobis

276 3152 414 3208 tradam?
441 3151 482 3208 illi
509 3161 600 3209 autem
625 3156 819 3210 constituerunt
846 3155 870 3209 ei
898 3170 974 3209 xxx
1002 3161 1125 3210 stateres.
1177 3156 1377 3210 Consentanea

276 3231 364 3305 igitur
378 3232 438 3288 haec
454 3239 521 3289 sunt
534 3232 560 3288 ei
573 3232 650 3307 quod
662 3233 692 3288 in
706 3233 857 3307 prophetia
871 3233 976 3290 dictum
991 3241 1035 3289 est
1049 3253 1066 3289 a
1080 3233 1213 3296 Domino,
1228 3241 1255 3288 et
1276 3236 1375 3290 consti-

277 3320 384 3368 tuerunt
399 3314 544 3368 mercedem
557 3331 644 3369 meam
656 3329 729 3368 axx
743 3321 892 3386 argenteos.
921 3313 977 3368 Pro
990 3331 1047 3388 quo
1058 3312 1247 3388 Symmachus
1262 3312 1375 3386 quidem

277 3391 325 3458 ait,
341 3400 368 3448 et
381 3393 615 3466 apprehenderunt
635 3393 781 3449 mercedem
802 3411 890 3448 meam
904 3409 979 3448 axx
994 3401 1155 3466 argenteos:
1178 3391 1285 3466 Aquila
1299 3411 1376 3456 vero,

278 3481 304 3528 et
318 3475 511 3529 constituerunt
525 3472 672 3528 mercedem
686 3489 770 3526 meum
787 3489 861 3528 m
878 3479 1027 3545 argenteos.
1067 3471 1178 3539 Quibus
1192 3471 1261 3527 illud
1275 3472 1374 3546 adjun-

277 3551 364 3626 gitur,
383 3551 420 3606 at
433 3552 503 3606 dicit
518 3552 653 3607 Dominus
666 3552 703 3606 ed
716 3569 766 3614 me,
782 3552 888 3607 dimitte
907 3569 951 3607 eos
970 3552 999 3606 in
1012 3551 1170 3624 fornacem,
1185 3559 1212 3606 et
1232 3553 1293 3607 uide
1313 3569 1376 3607 num

271 3631 418 3707 probatum
432 3633 475 3695 rit,
490 3630 711 3704 quemadmodum
731 3630 861 3704 probatus
874 3649 933 3686 eum
949 3649 1005 3706 pro
1019 3631 1082 3686 itm.
1125 3632 1180 3686 Pro
1202 3649 1258 3705 quo
1279 3648 1377 3686 rursus

277 3710 381 3784 Aquila
395 3709 507 3783 quidem
526 3709 566 3765 sic
582 3709 632 3773 ait,
649 3711 686 3765 Et
707 3711 776 3765 dixit
790 3710 932 3766 Dominus
953 3711 990 3766 ad
1011 3729 1062 3778 me,
1077 3709 1183 3766 dimitte
1203 3729 1248 3765 eor
1265 3713 1294 3765 in
1308 3710 1374 3784 sor·

278 3809 382 3854 nocero,
391 3787 497 3863 projice
510 3807 554 3844 eoo
571 3791 609 3845 nd
619 3789 749 3863 fluuium,
763 3791 923 3846 immensum
941 3791 1059 3862 pretium
1079 3809 1132 3863 quo
1151 3792 1295 3846 estimatae
1315 3807 1377 3846 sum

276 3888 329 3942 pro
344 3870 408 3926 illie.
431 3869 469 3925 Et
483 3887 551 3926 sane
564 3869 679 3925 attende
693 3887 816 3942 quonam
830 3878 913 3942 pacto
927 3869 987 3943 ipse
1002 3869 1141 3925 Dominus
1155 3869 1278 3944 pretium
1293 3888 1376 3926 suum

279 3950 431 4006 confitetur
444 3967 505 4004 xxx
519 3956 670 4023 argenteos
685 3947 781 4004 datum
797 3967 866 4005 esse.
912 3949 1032 4006 Videtur
1044 3956 1138 4004 antem
1154 3949 1216 4023 ipsa
1226 3949 1377 4006 verborum

279 4027 451 4101 excogitatio
462 4028 547 4084 talem
558 4046 617 4102 prae
628 4047 658 4084 se
670 4028 744 4084 ferre
758 4045 890 4084 sensum:
905 4047 960 4104 ego
971 4029 1085 4102 quidem
1097 4027 1240 4085 Dominus
1254 4047 1272 4085 a
1284 4028 1377 4102 primo

279 4105 416 4177 incipiens
438 4106 482 4163 die
502 4126 646 4181 nunquam
671 4107 740 4163 desii
762 4127 832 4164 meae
853 4108 1037 4183 benignitatis
1058 4108 1161 4164 indicia
1175 4108 1255 4165 vobis
1269 4107 1377 4164 Judaeis

279 4183 442 4252 impendere
453 4183 757 4259 innumerabilibusque
771 4206 823 4242 vos
837 4187 980 4244 beneficiis
994 4187 1115 4253 afficere,
1129 4206 1187 4244 non
1202 4187 1294 4244 solum
1309 4187 1377 4242 dnm

281 4258 376 4313 advos
390 4258 425 4312 ab
440 4257 519 4314 initio
534 4263 687 4336 propbetas
699 4265 791 4329 mitto,
802 4266 852 4322 sed
867 4267 951 4323 etiam
967 4267 1034 4322 dum
1049 4285 1095 4323 me
1109 4267 1201 4340 ipsum
1211 4267 1290 4325 vobis
1304 4285 1377 4340 ρεα-
