3142 4720
250 261 315 330 σοι
696 261 881 328 nusanu
1326 275 1506 343 p.300—

250 421 376 506 τίλους
401 423 523 526 ἔτυχεν
550 425 612 502 οῦκ
638 424 762 507 άλλως
781 421 804 521 ἢ
824 423 881 502 διά
899 427 964 521 τῆς
981 431 1045 502 τοῦ
1065 426 1231 522 Σωτῆρος
1248 421 1379 531 ἡμῶν

250 550 388 662 ἸησοῦΙ
401 554 565 651 Χριστοῦ
590 551 800 650 παρουσίας,
820 550 879 655 ὑφ’
899 548 942 626 οῦ
969 551 1027 626 καὶ
1055 552 1205 650 τυφλῶν
1232 543 1346 652 ἄνεῴ·

250 678 395 775 χθησαν
413 677 446 750 οἱ
465 675 659 779 ὀφθαλμοὶ,
673 677 731 752 καί
750 677 865 775 κωφοὶ
882 671 948 771 τὴν
967 671 1077 770 άκοὴν
1091 668 1346 777 ἀπειλήφασιν.

228 798 301 876 3Τί
322 802 377 876 δεῖ
398 796 526 899 λέγειν,
546 797 628 876 ὅσοι
652 803 710 876 καὶ
737 797 795 876 διά
818 803 892 875 τῶν
909 798 1017 874 αὑτοῦ
1036 800 1205 893 μαθητῶν
1222 827 1343 896 παρει·
1359 829 1387 876 ¹5
1408 811 1419 836 '

250 923 347 1020 μένοι
378 928 436 1002 καὶ
470 927 585 1030 κωφοὶ
618 926 676 1001 καὶ
708 926 822 1026 χωλοὶ
854 920 917 1005 τάς
947 920 1039 1000 κατά
1068 922 1182 1026 φύσιν
1213 921 1380 1038 dicioris·

251 1049 521 1147 ἀπελάμβανον,
559 1048 667 1126 ἄλλοι
699 1081 738 1126 τε
768 1049 884 1149 μυρίοι
915 1049 1096 1129 ποικίλαις
1134 1044 1254 1130 νόσοις
1290 1048 1388 1131 καὶΡ·
1398 1067 1472 1132 301

251 1175 441 1270 μαλακίαις
468 1171 724 1277 τετρυχωμέναι
751 1178 815 1271 τῆς
843 1170 927 1273 παρ’
957 1173 1066 1250 αὐτοῦ
1097 1172 1283 1274 θεραπείας·
1310 1205 1349 1249 τε
1566 1232 1567 1284 γ

250 1304 309 1377 καὶ
327 1301 506 1398 σωτηρίας
524 1299 700 1405 ἠξιοῦντο,
719 1295 810 1378 κατά
827 1332 864 1377 τε
891 1297 957 1396 τὴν
981 1297 1101 1376 ἔνθεον
1119 1301 1182 1396 τῆς
1199 1302 1344 1402 προφη·

251 1427 345 1507 τείας
361 1423 562 1528 πρόρρησιν
581 1427 639 1503 καί
664 1423 756 1503 κατά
773 1423 838 1523 τὴν
864 1421 1138 1530 άψευδεστάτην
1157 1429 1230 1502 τῶν
1248 1427 1372 1523 ίερῶνι

228 1551 471 1653 ιεῦαγγελίων
488 1551 683 1652 μαρτυρίαν
699 1582 709 1644 ;
742 1545 909 1650 Ἔρημον
927 1546 964 1626 δὲ
989 1549 1027 1626 ἐν
1045 1547 1182 1631 τούτοις
1200 1549 1220 1624 ὁ
1239 1544 1349 1647 λόγος

253 1675 439 1754 αἰνίττεται
457 1675 523 1772 τὴν
540 1676 584 1779 ἐξ
600 1675 711 1753 ἐθνῶν
728 1673 933 1773 ἐκκλησίαν,
951 1671 996 1770 ἣν
1017 1670 1132 1752 πάλαι
1150 1677 1245 1752 Θεοῦ
1264 1671 1344 1772 ἔρη-

252 1833 321 1896 μον
348 1800 462 1878 οὖσαν
488 1799 547 1879 διά
571 1807 644 1878 τῶν
665 1802 702 1877 ἐν
720 1803 846 1901 χερσὶν
871 1795 1142 1898 εὐαγγελίζεται,
1161 1800 1348 1877 καὶταῦτα

254 1923 291 2003 δὲ
307 1924 399 2025 πρὸς
412 1933 485 2008 τοῖς
499 1924 627 2008 ἄλλοις
641 1930 686 2028 τῇ
702 1923 820 2030 ἐρήμῳ
834 1927 949 2026 φησὶν
964 1909 986 2001 ό
1004 1921 1114 2023 λόγος
1128 1922 1350 2021 δοθήσεσθαι
1361 1958 1392 1992 ιο

230 2046 319 2148 ιιὴν
355 2048 467 2156 δόξαν
502 2059 566 2129 τοῦ
604 2049 776 2145 Λιβάνου.
841 2051 1001 2146 Λίβανον
1037 2050 1076 2128 δὲ
1112 2049 1178 2146 τὴν
1213 2051 1346 2152 Ἰερου-

252 2175 382 2275 σαλὴμ
423 2180 674 2277 άλληγορυκῶς
716 2175 869 2274 σύνηθές
911 2179 1010 2256 ἐστιν
1054 2178 1259 2270 ἀποκαλεῖν,
1301 2178 1349 2257 ὡς

252 2304 310 2380 ἐπὶ
335 2309 458 2403 καιροῦ
485 2299 544 2382 διά
570 2308 642 2380 τῶν
664 2300 735 2380 άπὸ
761 2305 824 2400 τῆς
849 2303 945 2386 θείας
969 2305 1113 2405 γραφῆς
1135 2301 1380 2407 άποδείξεωνο

252 2425 548 2528 παραστήσομεν.
588 2429 654 2505 Ἐν
672 2426 716 2525 δὴ
736 2429 799 2506 οῦν
817 2433 862 2530 τῇ
879 2435 944 2506 τοῦ
961 2432 1057 2506 Θεοῦ
1075 2431 1124 2510 είς
1142 2425 1350 2528 ἀνθρώπους

253 2678 437 2784 ἐκκλησίᾳ,
457 2674 524 2777 τὴν
551 2675 663 2783 δόξαν
687 2686 751 2757 τοῦ
780 2677 941 2770 Λιβάνου
968 2677 1189 2775 δοθήσεσθαι
1216 2679 1374 2780 ἡπρος

542 2816 675 2892 duacen]
691 2820 773 2874 ἰάσεις
788 2820 815 2873 S.
830 2827 857 2874 et
871 2819 909 2874 sio
922 2820 1062 2890 interpres.

253 2938 417 3012 impeditam
438 2937 607 2995 habentibus
628 2937 766 2994 medelam
787 2937 948 3011 predicitur
968 2936 1147 2993 redditurus:
1171 2955 1232 3010 quae
1254 2936 1350 2991 omnia

252 3036 311 3073 non
334 3017 402 3073 alias
424 3017 531 3073 exitum
555 3017 731 3082 invenerunt,
755 3018 808 3074 nisi
831 3027 980 3092 postquam
1002 3016 1132 3074 Salvator
1152 3024 1249 3072 noster
1263 3015 1349 3072 Jesus

254 3095 385 3153 Christus
399 3097 523 3163 advenit,
538 3117 555 3153 ο
568 3115 624 3171 quo
639 3107 668 3154 et
682 3115 820 3154 caecorum
835 3097 909 3154 oculi
928 3098 1016 3172 aperti
1039 3105 1105 3154 sunt
1124 3107 1153 3153 et
1172 3095 1248 3152 surdi
1268 3094 1347 3152 audi·

253 3185 314 3232 turn
337 3185 512 3250 receperunt.
555 3177 632 3245 Quid
655 3197 722 3234 vero
745 3178 838 3234 dicere
852 3196 923 3252 opus
937 3186 988 3242 est,
1004 3196 1088 3252 qnam
1103 3176 1184 3232 multi
1204 3194 1254 3249 per
1274 3175 1348 3232 illius

253 3255 406 3331 discipulos
430 3264 459 3312 et
480 3257 572 3313 soluta
592 3258 719 3314 membra
739 3257 877 3314 habentes
900 3267 930 3315 et
950 3259 1021 3314 muti
1042 3270 1072 3314 et
1091 3257 1181 3313 claudi
1207 3255 1349 3312 naturales

253 3337 414 3392 sanationes
442 3339 676 3411 recuperaverint,
702 3357 841 3412 quamque
869 3338 915 3394 alii
943 3337 1170 3401 innumerabiles,
1194 3335 1241 3410 qui
1264 3335 1348 3392 variis

253 3416 452 3492 aegritudinum
466 3417 690 3492 languorumque
704 3418 856 3492 generibus
864 3427 1043 3483 vexarentur,
1055 3419 1091 3473 ab
1104 3417 1152 3473 illo
1166 3425 1195 3473 et
1203 3413 1348 3472 curatione
1378 3475 1380 3480 ,

251 3506 280 3554 et
295 3498 384 3556 salute
405 3497 484 3572 digni
502 3497 619 3570 judicati
641 3507 791 3572 utrumque
812 3497 956 3554 consecuti
976 3498 1034 3554 sint
1054 3499 1170 3560 bonum,
1192 3495 1237 3552 cui
1258 3495 1299 3552 rei
1320 3504 1350 3552 et

251 3578 346 3635 divina
366 3578 522 3653 prophetiae
542 3578 687 3652 praedictio
709 3587 738 3634 et
756 3579 792 3635 ab
813 3579 892 3634 omni
913 3577 1059 3635 mendacio
1080 3576 1283 3633 alienissimum
1302 3594 1347 3631 sa·

251 3677 363 3716 erorum
374 3659 584 3733 evangeliorum
593 3658 785 3715 testimonium
796 3657 983 3715 indubitatam
993 3659 1078 3714 fidem
1089 3657 1175 3714 iacit?
1199 3655 1349 3712 Desertam

251 3756 319 3794 vero
333 3739 362 3795 in
376 3739 422 3794 his
436 3739 529 3795 verbis
544 3739 688 3794 oraculum
704 3739 845 3812 significat
861 3757 923 3795 eam
944 3757 1006 3812 quae
1027 3738 1062 3795 de
1083 3736 1217 3812 gentibus
1231 3736 1350 3792 collecta

251 3825 296 3874 est
317 3817 551 3892 ecclesiamque
571 3837 656 3892 quum
679 3828 763 3875 antea
783 3818 844 3874 sine
862 3820 924 3875 Deo
945 3827 1021 3875 esset
1039 3837 1091 3893 per
1110 3835 1170 3885 eos,
1192 3817 1228 3872 de
1248 3815 1350 3889 quibas

251 3915 328 3954 nuno
349 3899 452 3971 agitur,
468 3898 645 3973 evangelium
667 3899 787 3973 accipit:
809 3909 946 3970 praeterea
965 3899 1041 3954 idem
1060 3897 1204 3954 oraculum
1222 3896 1270 3960 ait,
1285 3896 1350 3952 huic

235 3975 371 4034 .desertoe
385 3977 507 4034 dandam
521 3997 583 4035 esse
598 3979 717 4052 gloriam
732 3978 841 4034 Libani.
881 3979 1021 4035 Libanum
1035 3986 1129 4035 summ
1144 3977 1266 4052 figurate
1278 3976 1348 4032 ilie·

251 4056 373 4114 rusalsm
393 4057 527 4132 appellari
548 4069 714 4116 consuetum
734 4066 786 4123 est.
801 4058 874 4114 sicut
888 4077 939 4115 suo
952 4065 1081 4132 tempore
1102 4076 1153 4132 par
1169 4075 1217 4113 eas
1231 4057 1348 4114 demon·

252 4137 412 4200 strutiones,
442 4155 511 4209 quas
539 4139 573 4194 de
602 4139 696 4196 divina
726 4139 864 4212 scriptura
891 4139 1047 4204 conficiam,
1076 4138 1247 4214 probaturus
1274 4154 1348 4192 sum.

253 4217 352 4288 ltaque
367 4217 395 4271 in
411 4217 498 4289 ipsius
513 4217 566 4272 Dei
580 4218 615 4273 ad
630 4219 759 4274 homines
773 4218 904 4284 adventu,
919 4219 959 4274 illi
980 4218 1109 4281 dessnae,
1125 4218 1160 4274 de
1175 4235 1230 4291 qua
1243 4217 1351 4272 dictum

287 4305 291 4308 ’
354 4295 456 4357 clasiae.
471 4295 595 4368 inquam,
611 4314 672 4368 quae
694 4298 730 4352 de
750 4297 883 4369 gentibus
903 4298 1021 4354 collecta
1042 4309 1094 4363 est.
1109 4297 1229 4372 gloriam
1250 4295 1351 4352 Libani
