3130 4722
255 225 319 308 τοι
702 243 888 309 nusann
1337 239 1499 324 p.333-
1550 239 1551 246 ¹

254 409 364 488 παντί
378 441 451 488 που
469 413 593 507 δῆλον.
636 415 821 493 Τοσοῦτος
840 418 1029 512 τοιγαροῦν
1047 407 1253 509 συνετμήθη
1271 408 1358 512 χρό-

255 569 314 618 νος
332 538 389 615 ἐπὶ
407 535 471 614 τὸν
489 533 580 614 λαόν
592 567 673 632 σου,
684 536 726 615 τῦ
743 543 818 616 πῦιν
832 536 1080 639 συμπέρασμα
1097 545 1162 615 τοῦ
1175 537 1382 615 Ἰουδαίωνε

218 661 459 766 ιοπεριορίζων
487 662 620 745 ἔθνους.
681 667 754 742 Καὶ
782 662 896 742 οῦκέτι
924 697 966 763 γε
995 659 1123 746 αῦτοῦς
1151 663 1190 742 έν
1219 661 1357 744 τούτοις

255 792 351 867 Θεοῦ
376 784 467 866 λαὸν
491 787 759 889 προσαγορεύει,
780 787 880 867 ἀλλὰ
904 793 955 895 τῷ
981 787 1123 886 Δανιήλ
1150 795 1255 894 φησι,
1274 787 1357 866 λαιί

255 942 326 992 σιν·
363 910 487 1014 ὥσπερ
517 910 589 1014 γὰρ
615 910 852 1012 ἁσεβήσαντιί
883 947 969 993 ποτε
1001 915 1060 992 καὶ
1088 911 1353 1014 είδωλολατρή-

255 1071 374 1117 σαντα
393 1040 449 1118 ἐπὶ
467 1042 533 1137 τῆς
550 1039 690 1140 ἐρήμου,
709 1038 825 1118 οῦκέτι
847 1037 940 1117 λαὸν
957 1041 1084 1118 ἑαυτοῦ
1108 1039 1128 1117 ὁ
1147 1035 1240 1124 Θεὸς
1257 1035 1357 1117 ἀλλὰ
1368 1077 1401 1112 ιο

255 1173 319 1244 τοῦ
338 1162 504 1248 Μωσέως
521 1172 704 1266 προσεῖπε,
720 1163 854 1268 φήσας,
867 1159 1001 1272 βέθιζε,
1018 1163 1202 1260 κατάβηθι,
1220 1166 1357 1268 ῦνίμητε

254 1288 325 1394 γῦιρ
344 1299 358 1370 ὁ
378 1290 463 1374 λαίς
480 1299 580 1369 ιιισου·
611 1288 676 1368 τὸν
694 1287 802 1369 αὐτὸν
820 1287 955 1390 τρόπον
972 1292 1154 1369 κάνταῦθα
1171 1297 1235 1369 τοῦ
1251 1301 1389 1390 nupt-b

255 1416 409 1518 ωρίσθαι
440 1417 515 1495 κατ’
546 1417 662 1496 αῦτῶν
689 1413 753 1494 τὸν
780 1413 989 1512 δηλωθέντα
1017 1414 1148 1518 χρόνον
1175 1412 1216 1494 τὸ
1246 1415 1358 1496 σίτων

256 1538 469 1621 ἐκδιδάσκει·
489 1549 596 1621 τοῦτο
613 1543 642 1620 d
656 1537 702 1639 ἧν
720 1538 761 1619 τῦ
779 1539 904 1639 μηκέτι
922 1549 986 1621 τοῦ
1006 1546 1103 1622 Θεοῦ
1121 1539 1214 1620 λαὸν
1231 1539 1358 1624 αῦτοῦς

220 1667 515 1773 ιικαταξιοῦσθαι
540 1665 776 1771 χρηματίζειν.
831 1667 1015 1769 Ἐπιλέγει
1047 1667 1085 1746 δὲ
1123 1675 1182 1748 καὶ
1215 1669 1272 1747 ἐπὶ
1303 1665 1356 1759 την
1388 1692 1395 1706 ·

256 1795 356 1872 πίλιν
375 1791 428 1885 την
446 1799 565 1894 ἰιγίαν·
594 1791 637 1872 τῦ
661 1797 720 1872 τοῦ
743 1791 856 1873 πάλιν
882 1791 1124 1898 ε’ξακουόντων
1141 1793 1242 1891 ἡμῶν
1264 1791 1380 1876 κατεὶς

256 1925 384 2014 κοινοῦ,
404 1921 452 2002 ὡς
470 1914 557 1998 εἶναι
575 1917 617 1998 τῦ
636 1919 831 2020 λεγόμενον
849 1927 1021 2014 τοιοῦτον,
1040 1921 1094 1998 ἐπὶ
1113 1919 1165 1998 τὶν
1185 1919 1265 1997 λαίν
1284 1955 1354 2008 σου,

258 2050 318 2123 καὶ
337 2045 390 2123 ἐπὶ
411 2043 464 2138 την
482 2046 582 2124 πίλιν
605 2042 659 2137 την
685 2047 791 2144 ἁγίαν
814 2079 886 2132 σου,
906 2046 954 2128 ὡς
979 2049 1008 2122 εἰ
1035 2042 1185 2149 ἔφασκε,
1202 2042 1269 2144 τήν
1295 2077 1357 2122 σοι

257 2168 512 2268 νενομισμένην
530 2169 649 2270 ἁγίαν.
699 2165 754 2247 Τὸ
772 2175 861 2267 γοῦν
878 2166 1072 2269 Ἑβραϊκὸν
1097 2173 1155 2246 καὶ
1180 2172 1213 2245 oi
1237 2171 1358 2248 λοιποὶ

256 2294 463 2398 συμφώνως
481 2296 697 2397 ἑρμηνευταὶ,
712 2294 754 2372 οὐ
771 2290 883 2390 μόνον
901 2295 959 2372 ἐπὶ
977 2301 1042 2372 τοῦ
1059 2299 1162 2389 λαοῦ,
1181 2291 1281 2372 ῦλλῦ
1299 2293 1357 2371 καὶ
1368 2336 1402 2370 ιο

257 2420 315 2497 ἐπὶ
332 2423 396 2518 τῆς
422 2418 563 2503 πόλεως
587 2418 629 2499 τῦ
648 2421 728 2498 ”aad
752 2419 1011 2520 προσκείμενον
1034 2418 1270 2522 περιέχουσιν.
1308 2419 1386 2496 ‘0⁰

256 2551 344 2644 γοῦν
366 2543 527 2629 Ἀκύλας
554 2549 680 2651 φησὶν,
708 2545 765 2624 ἐπὶ
795 2546 847 2624 τὶν
874 2547 958 2624 λαίν
989 2580 1060 2632 που,
1083 2554 1142 2623 καὶ
1171 2545 1228 2624 ἐπὶ
1258 2546 1358 2624 πίλιν

256 2669 455 2775 ἦγεασμίνην
483 2699 552 2751 σου·
594 2673 614 2749 ὁ
650 2669 687 2748 δὲ
720 2667 927 2773 Σύμμαχος,
957 2667 1052 2749 κατα
1081 2672 1137 2749 τοῦ
1167 2672 1254 2748 λαοῦ
1286 2705 1356 2759 σου,

220 2803 319 2875 rasa}
344 2794 403 2889 τῆς
425 2799 560 2881 πίλιως
588 2794 643 2887 riis
671 2799 781 2895 ἁγίας
809 2831 879 2875 σου.
932 2792 1048 2873 Ὅθεν
1078 2797 1136 2874 καὶ
1163 2793 1263 2896 παρὰ
1285 2801 1358 2877 τοῖς

563 2964 587 2995 ¹²¹
601 2954 664 3026 σου]
679 2959 729 3024 μοῦ
744 2955 772 3010 S.
856 2965 871 2997 ¹¹
887 2955 951 3028 σου]
968 2959 1015 3010 τοῦ
1030 2955 1059 3010 S.

257 3080 343 3142 ficiat,
358 3079 473 3143 nemini,
488 3087 567 3152 puto,
581 3079 698 3137 dubium
718 3091 770 3138 est.
813 3081 937 3138 Tantum
959 3081 1046 3156 igitur
1065 3081 1202 3155 temporis
1222 3099 1356 3156 compen-

258 3159 335 3216 dium
350 3158 459 3232 aecepit
474 3177 558 3233 super
571 3160 706 3233 populum
721 3169 812 3225 tuum,
827 3161 875 3219 ubi
896 3181 965 3218 sane
985 3180 1099 3218 omnem
1115 3161 1241 3218 iudaicae
1263 3162 1359 3236 gentis

257 3238 486 3296 terminationem
497 3239 657 3297 concludit:
673 3259 725 3298 nec
736 3249 832 3298 tamen
847 3241 910 3298 illos
924 3241 954 3297 iu
966 3241 1012 3297 his
1026 3241 1145 3316 amplius
1154 3241 1208 3298 Dei
1223 3242 1357 3318 populum

257 3327 348 3383 vocat,
363 3319 414 3376 sed
434 3318 580 3393 alloquens
599 3319 693 3394 ipsum
712 3319 824 3386 Daniel,
843 3321 985 3396 populum,
1000 3321 1100 3396 inquit,
1116 3329 1192 3378 taum
1203 3344 1214 3378 .·
1235 3339 1359 3396 namque

257 3399 325 3456 elias
339 3417 459 3474 quoque,
471 3407 605 3473 tanquam
619 3419 685 3456 eum
698 3401 745 3475 qui
760 3400 847 3476 impie
861 3402 967 3476 egisset
981 3409 1010 3458 et
1021 3400 1197 3458 simulachris
1212 3421 1243 3458 se
1256 3401 1357 3458 eddix·

256 3480 335 3548 isset,
349 3498 408 3536 uon
429 3479 550 3554 amplius
568 3498 651 3536 suum
669 3481 804 3555 populum
820 3478 900 3538 Deus
921 3481 971 3538 sed
990 3481 1068 3538 Mosi
1090 3480 1250 3557 appellavit,
1270 3500 1358 3555 quum

168 3596 173 3613 .
199 3596 205 3609 .
257 3559 338 3624 dixit,
358 3559 442 3624 Vade,
457 3559 593 3624 descmde,
605 3563 728 3632 peccavit
743 3562 813 3618 enim
825 3563 943 3634 populus
958 3572 1029 3618 tuus.
1056 3562 1142 3618 Nunc
1156 3562 1243 3636 igitur
1257 3562 1358 3618 eodem

256 3641 342 3698 modo
366 3657 489 3704 eausam,
514 3657 564 3696 cur
588 3639 657 3696 illud
679 3641 815 3714 temporis
837 3642 960 3714 spatium
983 3649 1083 3698 eontra
1105 3641 1169 3698 illos
1183 3641 1357 3715 praefinierit,

256 3720 357 3778 docet:
380 3720 436 3778 hoe
449 3728 545 3776 autem
559 3726 612 3786 est,
627 3737 677 3776 eos
690 3738 747 3776 non
763 3719 882 3794 amplius
897 3720 1000 3796 dignos
1016 3740 1079 3778 esse
1098 3721 1146 3796 qui
1166 3721 1286 3796 populus
1301 3721 1359 3777 Dei

255 3799 441 3875 appellentur.
484 3798 595 3856 Deinde
609 3799 739 3874 adjungit
752 3798 830 3864 illud,
848 3801 886 3856 Et
898 3819 979 3874 super
993 3803 1127 3860 civitatem
1140 3809 1282 3856 sanctam.-
1308 3799 1357 3857 ubi

256 3879 326 3936 illud
353 3887 427 3936 tuam
454 3897 552 3936 rursus
579 3897 596 3935 a
623 3878 759 3951 superiori
792 3879 997 3938 subaudimus:
1033 3890 1065 3938 ut
1091 3881 1132 3938 ita
1159 3881 1265 3938 dictum
1294 3898 1357 3937 esse

256 3957 393 4023 videatur,
409 3960 499 4033 Super
509 3959 642 4034 populum
664 3967 740 4016 tuum
762 3968 787 4015 el
808 3977 889 4032 saper
902 3963 1037 4018 civilatem
1059 3970 1179 4018 ιαιιοιαπι
1198 3971 1283 4025 tuum,
1298 3979 1357 4016 nou

255 4055 337 4093 secus
356 4055 389 4094 ac
410 4038 433 4093 si
453 4038 580 4102 dixisset.
595 4057 657 4113 quas
671 4057 688 4094 a
701 4047 730 4095 te
745 4048 843 4095 sancta
856 4040 1051 4098 existimatur:
1074 4059 1139 4098 uam
1154 4049 1183 4097 et
1198 4039 1357 4097 Hebraiuus

255 4123 417 4180 contextus,
439 4126 469 4173 et
490 4118 588 4191 reliqui
611 4120 779 4192 interpretes
803 4137 861 4176 uno
883 4138 942 4188 ore,
965 4140 1023 4177 non
1046 4121 1137 4178 solum
1163 4120 1199 4176 ad
1220 4117 1356 4194 populum

255 4194 324 4250 illud
345 4203 431 4257 tuum.
454 4196 503 4251 sed
525 4198 608 4253 etiam
631 4199 668 4254 ad
688 4199 831 4255 civitatem
853 4199 923 4257 illud
943 4209 1018 4257 tuam
1040 4201 1211 4275 adjungunt.
1253 4199 1357 4273 Aquila

255 4271 352 4344 igitur,
369 4272 458 4344 Super
477 4277 615 4344 populum,
633 4276 732 4349 inquit,
751 4286 836 4342 tuum,
855 4286 881 4334 et
901 4297 984 4354 super
999 4283 1135 4336 civitatem
1157 4280 1356 4352 sanctificatum
