3130 4722
272 255 336 320 raa
717 255 903 320 unsrun
1350 254 1508 340 Μοι-

271 425 399 526 ἡγεῖτο,
417 429 548 529 πολλῷ
572 421 610 502 δὲ
634 423 746 504 πλεόν
767 425 915 505 ἐπὶτῶν
933 420 1073 526 χρόνων
1090 431 1154 501 τοῦ
1173 427 1294 517 Δαβὶδ
1311 427 1373 502 καὶ

271 556 343 630 τῶν
361 549 488 628 τούτου
511 548 685 654 διαδόχων
707 554 745 630 ἐκ
769 554 888 657 φυλῆς
912 549 977 648 μὲν
998 557 1062 629 τοῦ
1080 548 1199 628 Ἰούδα
1225 547 1397 650 γεγονός

270 710 352 773 των,
363 674 467 779 μέχρι
485 674 523 755 δὲ
541 681 604 773 τῆς
622 681 670 759 εἰς
686 681 890 771 Βαβυλῶνα
907 678 1159 780 αἰχμαλωσίας
1177 673 1242 774 τὴν
1261 683 1373 769 βασι-

271 802 370 880 λείαν
399 799 661 901 διενεγκόντων,
683 803 763 900 μεθ’
790 799 835 901 ἢν
862 808 935 880 τῶν
961 803 1000 879 ἐκ
1027 805 1091 899 τῆς
1118 801 1374 904 αἰχμαλωσίας

270 929 328 1006 ε’πὶ
345 924 410 1026 τὴν
424 927 553 1006 οἰκείαν
565 932 635 1028 γῆν
649 927 864 1010 ἐπανιόντων
877 928 976 1009 αὖθις
990 928 1125 1029 ἡγεῖται
1142 927 1370 1028 Ζοροβάβελ,

272 1055 292 1132 ὀ
305 1061 369 1133 τοῦ
384 1051 572 1152 Σαλαθιὴλ
591 1057 628 1133 ἐκ
647 1058 768 1157 φυλῆς
781 1053 908 1149 Ἰούδα,
924 1054 944 1131 ὁ
962 1055 1021 1131 καὶ
1039 1050 1103 1131 τὸν
1118 1051 1205 1131 νεὼν
1222 1054 1368 1154 ἐγείρας.
1382 1093 1416 1128 ιο

235 1177 399 1267 ιςἝνθεν
422 1182 480 1258 καὶ
503 1181 527 1278 ἡ
552 1185 624 1258 τῶν
647 1179 973 1281 Παραλειτομίνων
998 1179 1122 1285 γραφὴ
1145 1177 1209 1264 τὰς
1234 1180 1370 1259 διόδεκα

272 1304 392 1413 φυλὰς
419 1314 483 1385 τοῦ
503 1303 656 1408 Ἰσραὴλ
683 1315 953 1407 γενεαλογοῦσα
980 1304 1051 1386 ἀπὸ
1079 1309 1143 1404 τῆς
1170 1315 1234 1385 τοῦ
1251 1305 1402 1386 Ἰούδαιλ

270 1431 336 1532 τὴν
354 1430 536 1537 καταρχὴν
553 1429 760 1530 ἐποιήσατο.
812 1427 965 1512 Ἓπεται
988 1429 1032 1530 δὴ
1050 1432 1112 1511 οὖν
1130 1432 1268 1516 τούτοις
1286 1435 1371 1512 ἀκο-

233 1563 239 1572 ’
272 1557 410 1642 λούθως
429 1561 486 1637 καὶ
506 1561 543 1637 ἓν
557 1565 630 1640 τοῖς
647 1555 737 1655 μετὰ
755 1566 866 1636 ταῦτα
885 1557 1026 1662 χρόνοις
1039 1556 1106 1656 τὴν
1123 1555 1234 1656 αι’πὴν
1247 1559 1371 1664 φυλὴν

271 1691 343 1763 τῶν
370 1691 507 1764 λοιπῶν
536 1685 726 1784 ὁμολογεῖν
753 1685 927 1785 ἡγεῖσθαι,
956 1690 985 1762 εί
1016 1687 1075 1763 καὶ
1104 1687 1142 1762 ἐν
1170 1684 1266 1786 με’ρει
1294 1683 1394 1768 δαί-5

271 1817 376 1916 φοροι
394 1807 692 1910 προεστήκεσαν
710 1818 774 1889 τοῦ
792 1819 893 1907 λαοῦ,
912 1807 962 1888 ὧν
980 1811 1065 1888 ὀὐκ
1088 1810 1139 1890 ἔθ’
1159 1811 1243 1909 ἡμῖν
1265 1816 1370 1890 luva-

270 1935 334 2015 τὸν
358 1935 653 2041 ἐξακριβάζεσθαι
675 1935 722 2015 τὰ
746 1936 842 2036 γε’νη,
861 1941 913 2042 τῷ
939 1935 990 2035 μὴ
1016 1934 1053 2014 δὲ
1079 1936 1253 2043 φέρεσθαι
1272 1938 1370 2016 θείαν

271 2061 286 2106 b
291 2065 427 2156 βίβλον
444 2063 490 2169 ἐξ
504 2063 636 2143 ἐκείνου
660 2066 719 2142 καὶ
736 2063 841 2166 με’χρι
859 2070 931 2143 τῶν
948 2073 1012 2144 τοῦ
1032 2067 1198 2165 Σωτῆρος
1214 2063 1366 2166 χρόνων.

233 2189 379 2288 oilli»
406 2195 455 2274 είς
481 2197 656 2268 τοσοῦτον
684 2189 868 2290 διαρκέσαι
895 2187 1006 2291 λόγος
1029 2195 1142 2292 οαίρεῖ
1165 2188 1276 2294 φάναι
1303 2189 1370 2288 τὴν

268 2325 333 2396 τοῦ
350 2316 469 2396 Ἰούδα
493 2316 624 2423 φυλὴν,
644 2321 692 2400 είς
718 2317 808 2395 ὅσον
831 2313 873 2396 τό
894 2324 968 2396 πᾶν
990 2317 1090 2400 ἔθνος
1113 2317 1294 2421 ἐλευθερίᾳ
1311 2317 1411 2395 natio

268 2444 459 2550 αὐτονομίᾳ
477 2442 660 2546 χριόμενον
684 2441 754 2522 ὑπὸ
781 2444 917 2526 οἰκείοις
940 2443 1115 2548 ἄρχουσιν
1140 2445 1197 2520 καὶ
1221 2441 1369 2542 ἡγουμέ-

269 2603 341 2653 νοις
369 2568 604 2648 ἕπολιτεύετο.
663 2574 782 2647 Τοῦτο
812 2567 849 2646 δὲ
877 2569 996 2652 αὐτοῖς
1022 2569 1068 2675 ἐξ
1091 2571 1204 2673 ἀρχῆς
1233 2568 1370 2673 ὑπῆρξε

269 2699 327 2777 καὶ
349 2697 453 2800 με’χρι
471 2702 543 2776 τῶν
562 2694 775 2796 Αὐγούστου
793 2693 943 2796 χρόνων,
960 2697 1040 2776 καθ’
1061 2692 1141 2778 ἀοὓς
1158 2697 1282 2793 Ἰησοῦ
1304 2701 1369 2773 τοῦ
1379 2727 1407 2780 15

311 2893 326 2924 ⁸
341 2883 371 2936 οὗ
385 2881 457 2955 καθ’]
475 2883 521 2936 οὐκ
534 2879 575 2935 ἴθ’
590 2881 621 2934 P.
759 2873 775 2918 b
788 2879 892 2944 βίβλων
908 2881 935 2935 S.
1069 2880 1209 2951 οφανερὸς
1222 2877 1301 2951 αἱρεῖ]
1317 2835 1382 2949 ἐρεῖ7

270 2963 351 3032 φόνοι
365 2962 395 3017 Ρ.
478 2957 559 3033 soba]
577 2955 612 3013 ὧν
628 2961 659 3016 Ρ.

271 3121 357 3178 quum
372 3103 455 3177 plane
469 3103 504 3160 de
517 3104 594 3160 tribu
606 3104 625 3161 J
628 3104 683 3161 uda
695 3102 736 3160 illi
750 3103 914 3169 existerent.
930 3111 959 3161 et
973 3122 1093 3179 regnum
1115 3122 1204 3178 usque
1223 3105 1260 3161 ad
1274 3102 1365 3178 Baby·

270 3182 393 3240 lonicum
415 3183 540 3257 ipsorum
561 3183 670 3241 cladem
691 3183 884 3259 produxerint,
898 3193 964 3258 pust
982 3203 1066 3258 quam
1085 3184 1194 3241 cladem
1214 3184 1248 3240 iia
1267 3183 1367 3258 quide

271 3261 319 3320 illu
337 3262 472 3320 servitute
492 3263 521 3320 in
542 3265 661 3338 patriam
684 3273 789 3321 terram
811 3265 916 3322 reversi
937 3273 1004 3322 aunt
1027 3283 1125 3322 rursus
1146 3263 1258 3339 praefuit
1279 3265 1366 3320 Zoro·

271 3343 364 3408 babel,
380 3343 515 3401 Salathiel
530 3344 603 3401 lilius
617 3345 652 3402 de
665 3345 742 3401 tribu
754 3345 837 3402 Juda.
869 3344 941 3402 lude
955 3345 1040 3402 etium
1054 3345 1194 3419 scriptura
1207 3363 1270 3419 quae
1283 3345 1367 3400 Para-

270 3426 434 3500 lipomenon
448 3424 559 3488 dicitur,
574 3425 722 3482 duodecim
736 3425 860 3482 tribuum
877 3425 964 3482 lsrael
978 3426 1079 3482 seriem
1098 3425 1211 3500 generis
1224 3443 1367 3486 enarrans,

272 3507 308 3564 ab
322 3525 356 3563 ea
365 3525 431 3581 quae
445 3514 488 3563 est
502 3505 589 3580 ipsius
601 3506 677 3563 Juda
690 3505 757 3562 iecit
770 3505 898 3562 initium:
920 3525 989 3581 ergo
1009 3506 1071 3580 ipso
1085 3505 1184 3562 ordine
1199 3507 1325 3580 sequitur
1337 3511 1369 3561 nt

272 3588 357 3645 etiam
382 3585 584 3662 posterioribus
612 3586 787 3662 temporibus
811 3585 949 3643 fateamur
977 3587 1095 3643 eandem
1122 3586 1228 3642 tribum
1256 3585 1368 3659 reliquis

271 3667 425 3743 prefuisse,
443 3667 571 3742 quamvis
591 3667 621 3724 iu
643 3675 723 3741 parte
742 3667 835 3741 aliqua
852 3667 921 3723 varii
942 3667 1101 3740 diversique
1120 3666 1225 3740 populo
1244 3666 1368 3740 praefice·

272 3756 379 3813 rentur,
391 3767 510 3822 quorum
521 3747 685 3822 singillatim
700 3765 790 3822 genus
801 3747 884 3804 solita
895 3747 1042 3822 diligentia
1049 3765 1180 3804 enarrare
1194 3764 1368 3820 nequaquam

272 3845 325 3884 noe
340 3847 498 3902 possumus,
512 3838 662 3902 propterea
676 3828 751 3901 quod
766 3827 859 3883 nullus
869 3828 989 3902 amplius
1002 3827 1092 3884 fertur
1105 3827 1216 3884 divinus
1230 3827 1309 3891 liber,
1321 3824 1369 3900 qui

274 3925 309 3964 ex
323 3907 372 3963 illo
386 3927 474 3982 usque
488 3909 523 3964 ad
537 3917 666 3982 tempora
680 3907 836 3964 Salvatouis
850 3908 939 3964 uostn'
952 3907 1142 3964 narrationem
1154 3905 1368 3964 continuaverit.

275 3987 468 4044 Veruntamen
483 3988 601 4045 etfama
615 3996 644 4045 et
661 3987 733 4044 ratio
751 3987 869 4044 dictabit
887 3987 1003 4044 durasse
1021 3997 1081 4044 tam
1099 3987 1148 4044 dio
1166 3988 1270 4044 tribum
1284 3985 1368 4050 Juda,

275 4067 411 4140 quamdiu
432 4076 493 4125 tota
515 4087 586 4142 gens
607 4069 737 4126 libertate
759 4077 788 4124 et
811 4068 870 4124 suis
894 4069 1005 4142 legibue
1028 4077 1110 4126 utens
1134 4069 1187 4124 sub
1207 4065 1369 4124 domesticis

274 4145 447 4218 principibus
469 4147 641 4221 ducibusque
665 4149 751 4205 vitam
774 4149 872 4222 egerit.
925 4149 1013 4205 Porro
1035 4148 1090 4205 hoc
1112 4148 1167 4204 illis
1189 4147 1310 4221 contigit
1334 4145 1369 4202 ab

275 4222 355 4277 initio
373 4241 460 4294 usque
484 4225 520 4278 ud
537 4233 666 4298 tempora
686 4230 818 4301 Augusti,
838 4229 868 4283 iu
889 4229 989 4301 quibus
1013 4247 1099 4301 quum
1123 4227 1254 4285 Salvator
1274 4234 1370 4283 noster

274 4299 359 4354 lesus
383 4300 543 4356 horninibus
567 4321 597 4358 se
618 4305 769 4362 videndum
792 4307 951 4379 praebuerit,
977 4319 1037 4363 turn
1062 4325 1129 4364 vero
1151 4307 1178 4363 in
1205 4307 1370 4364 servitutem
