3130 4722
236 249 300 314 708
682 249 868 316 EUSEBII
1314 273 1348 335 p.
1358 263 1492 335 354—
1562 274 1563 340 ι

235 416 292 515 υἱῷ
310 411 363 487 τιὸ
382 409 569 501 βασιλεως,
589 413 645 491 ε’πὶ
664 409 728 491 τὸν
747 411 962 510 Σολόμωνος
981 409 1067 510 υἱόν,
1085 413 1128 492 οὐ
1146 412 1209 492 τὸν
1232 427 1368 515 προς-δ

234 533 382 613 τότοκον
417 537 548 650 ἐκεῖνον
582 536 646 617 τὸν
686 536 853 644 διάδοχον
896 541 1004 619 αὐτοῦ
1046 543 1111 637 τῆς
1146 539 1338 634 βασιλείας

234 659 435 760 γενόμενον,
464 663 550 762 (οὐδ
574 661 696 748 11όλοις
725 663 798 768 γὰρ
825 668 952 748 ἐκεῖνος
980 666 1215 745 ἑπτακαίδεκα
1241 665 1337 744 ἔτεσι

233 785 344 884 μόνου
371 797 435 868 τοῦ
459 789 640 869 Ἰουδαίων
665 791 789 873 ἔθνους
812 789 978 894 προστὰς
1005 790 1161 871 κάκιστοι
1185 791 1360 896 κέχρητος

233 919 278 1016 τῇ
297 916 418 1022 uim)
439 917 524 994 ἀλλ’
549 917 621 995 οὐδ’
641 919 698 1024 ἐφ’
719 919 838 1020 ἕτερον
856 925 929 997 τῶν
946 918 1108 1018 Ῥοβοὰμ
1126 917 1190 997 τὸν
1208 919 1337 1022 θρόνον

233 1045 297 1139 τῆς
321 1050 386 1120 τοῦ
412 1041 627 1142 Σολόμωνος
644 1044 834 1138 βασιλείας
857 1043 1126 1149 διαδεξαμένων,
1144 1047 1201 1125 ε’πὶ
1225 1044 1336 1144 μόνον

234 1166 272 1246 δὲ
297 1165 360 1246 τόν
384 1170 422 1247 εἰ(
447 1169 653 1272 σπέρματος
676 1172 808 1266 Δαβὶδ,
831 1173 923 1251 οὕτω
950 1172 1007 1250 καὶ
1031 1179 1095 1250 τοῦ
1122 1169 1336 1270 Σολόμωνος

195 1289 311 1371 οιυὶόν
338 1297 384 1378 ὡς
414 1297 472 1374 καὶ
499 1304 563 1375 τοῦ
591 1299 713 1388 Δαβὶδ
740 1297 1024 1399 χρηματίσαντα.
1084 1297 1203 1381 Οὗτος
1233 1299 1264 1378 δ’
1290 1297 1335 1398 ἦν
1345 1331 1375 1366 10

234 1418 254 1496 ό
275 1419 402 1522 Σαπῆρ
421 1424 479 1501 καὶ
500 1422 631 1525 Κύριος
649 1423 750 1521 ἡμῶν
768 1423 912 1521 Ἰησοῦς
930 1425 950 1501 ό
972 1421 1144 1526 Χριστός.
1195 1425 1336 1505 Τοότου

232 1543 305 1646 γὰρ
334 1545 445 1645 μόνου
475 1553 532 1627 καὶ
560 1550 631 1627 οὐδ
654 1549 774 1651 ἑτέρον
802 1555 874 1628 τῶν
902 1549 1048 1630 πώποτε
1075 1550 1095 1627 ό
1123 1554 1186 1650 τῆς
1214 1552 1335 1632 ε’νθέον

232 1675 422 1765 βασιλείας
448 1673 574 1776 θρόνος
598 1683 872 1778 συμπαραμενεῖ
892 1682 944 1781 τῷ
966 1677 1068 1782 ἡλίῳ.
1131 1681 1204 1756 Καὶ
1231 1676 1334 1760 οὗτός

232 1831 285 1897 γε,
305 1801 389 1879 ἀλλ’
410 1801 521 1884 οὐδεὶς
543 1801 661 1904 ἕτερος
683 1801 892 1904 ἀνθρώπων,
911 1799 982 1905 πρό
1006 1807 1071 1902 τῆς
1094 1803 1253 1903 σελήνης
1274 1808 1334 1884 καὶ

229 1921 302 2025 πρὸ
330 1927 394 2024 τῆς
421 1934 485 2005 τοῦ
512 1925 651 2025 κόσμου
678 1925 903 2023 συστάσεως,
921 1927 985 2007 ἅτε
1013 1927 1123 2029 λόγος
1147 1927 1199 2008 ὧν
1225 1935 1332 2028 Θεοῦ,
1341 1958 1373 2020 P·
1383 1955 1465 2023 355

230 2056 469 2157 προϋπῆρχεν,
488 2052 623 2159 ἕσταξέ
646 2087 684 2132 τε
708 2053 817 2152 μόνος
847 2055 948 2136 οὗτος
977 2053 1168 2157 οὐρανόθεν
1199 2055 1334 2158 δρόσον

232 2179 332 2277 δίκην
360 2179 416 2258 ἐπὶ
446 2187 570 2258 πᾶσαν
601 2179 666 2278 τὴν
697 2183 779 2281 γῆν·
810 2179 947 2281 εἴρηταί
971 2177 1026 2259 1τε
1054 2179 1162 2260 αὐτὸν
1194 2187 1252 2260 καὶ
1283 2190 1332 2268 εἰς

231 2299 368 2388 πάντας
404 2304 614 2406 ἀνθρώπους
656 2303 931 2384 ἀνατεταλκέναι
968 2303 1061 2384 κατὰ
1098 2303 1179 2385 mrui
1217 2315 1356 2415 μικρῷ5

230 2427 392 2528 πρόσθεν
424 2429 534 2527 “η’μῖν
566 2431 817 2528 ἀπσδεδομείια,
843 2434 900 2510 καὶ
931 2429 1141 2530 δικαιοσύνη
1168 2431 1328 2533 παραμέ-

231 2585 346 2632 νουσα
363 2554 467 2658 μέχρι
486 2559 550 2655 τῆς
567 2565 630 2634 τοῦ
649 2557 731 2650 βίον
749 2556 966 2653 συντελείας,
986 2556 1061 2655 ἥτις
1086 2558 1333 2657 ἀνταναίρεσις

191 2705 221 2756 ²5
231 2678 437 2775 ὠνόμασται
461 2686 524 2780 τῆς
547 2681 713 2781 σελήνης.
763 2683 947 2784 Ἐναργῶς
971 2715 1010 2763 τε
1035 2683 1056 2782 ἡ
1082 2690 1147 2762 τοῦ
1165 2686 1333 2783 Σωτῆρος

230 2807 331 2904 ἡμῶν
349 2806 495 2905 δύναμις
513 2813 636 2910 κρατεῖ
649 2810 708 2887 καὶ
731 2805 877 2909 κυριεύει
894 2813 967 2887 τῶν
989 2809 1033 2914 ἐξ
1046 2807 1164 2891 ‘Euae
1182 2805 1328 2888 θαλάσ-

304 2963 440 3036 1(δ’ληςὸ.
523 2963 768 3040 Ῑδὶ]πεαῦτδνΡ.
851 2969 921 3022 mni
936 2985 989 3024 om.
1007 2969 1034 3024 S.
1117 2968 1208 3037 ὓῦμῖν
1223 2969 1249 3023 S.

231 3109 304 3158 tuum
310 3103 374 3172 filio
387 3106 467 3178 τιμία,
483 3103 519 3159 nd
534 3101 696 3159 Solomonis
710 3103 809 3169 fliium,
821 3121 879 3160 non
894 3102 972 3160 ilium
987 3103 1218 3181 primogenitum,
1230 3103 1278 3178 qui
1291 3103 1331 3160 illi

230 3183 259 3237 in
273 3201 364 3256 regno
378 3184 515 3240 successit
525 3185 603 3254 (num
614 3182 670 3248 iile,
683 3203 769 3258 quum
780 3184 833 3241 soli
841 3183 860 3241 J
862 3183 968 3241 udnicae
983 3183 1062 3258 genti
1075 3202 1113 3240 ne
1127 3192 1205 3241 totos
1218 3184 1331 3258 quidem

230 3281 250 3319 x
274 3271 304 3320 et
326 3281 370 3319 vu
393 3283 482 3320 nnnns
503 3263 670 3338 prefuisset,
692 3265 815 3340 pessime
835 3283 903 3321 usus
928 3272 972 3320 est
993 3264 1124 3339 imperio)
1148 3265 1198 3321 sed
1222 3283 1275 3320 neo
1295 3264 1332 3319 sd

229 3343 315 3401 alium
330 3352 468 3420 praetereu
481 3345 640 3419 quempiam
655 3361 763 3410 eorum,
779 3345 825 3420 qui
842 3353 908 3419 post
923 3344 1073 3402 Rhnbonm
1094 3345 1124 3401 in
1142 3361 1233 3419 reguo
1248 3343 1331 3400 Solo·

215 3426 322 3484 uronis
336 3425 532 3490 successerint,
543 3425 592 3482 sed
603 3425 639 3481 nd
653 3426 745 3482 solum
760 3425 880 3483 astid
891 3425 1050 3490 oriundum,
1060 3426 1108 3500 qui
1119 3426 1158 3482 itu
1169 3423 1332 3481 Solomonis

228 3506 303 3564 filius
317 3515 348 3563 ut
362 3507 450 3581 ipsius
464 3505 557 3563 David
571 3506 663 3563 dictus
678 3515 731 3564 est.
762 3507 818 3562 Hic
832 3517 927 3563 nutem
939 3506 994 3562 fuit
1006 3505 1139 3562 Salvator
1149 3513 1178 3562 et
1189 3505 1332 3560 Dominus

228 3597 327 3646 noster
343 3587 427 3645 Jesus
448 3587 587 3644 Christus.
631 3586 725 3662 Hujus
746 3587 821 3642 enirn
843 3586 935 3650 unius,
957 3605 1011 3644 nec
1035 3585 1151 3643 ulterius
1175 3583 1331 3659 cujuspiam

229 3686 328 3725 eorum
348 3669 395 3742 qui
414 3686 538 3744 unquam
553 3667 665 3731 fuerint,
681 3667 768 3723 divini
782 3667 864 3741 regui
878 3679 963 3741 utque
976 3667 1087 3742 imperii
1102 3666 1185 3722 sedes
1198 3683 1330 3739 permun-

229 3767 295 3805 sura
316 3759 360 3805 est
382 3768 446 3805 cum
475 3748 545 3814 sole,
571 3757 600 3804 et
624 3746 670 3803 hic
691 3748 766 3804 idem
789 3765 842 3804 uec
864 3747 934 3803 nlius
958 3747 1097 3822 quispiam
1124 3764 1161 3802 ex
1183 3745 1331 3802 hominum

228 3847 334 3902 genere
356 3839 422 3886 unte
444 3829 540 3886 lunam
562 3835 591 3884 et
612 3835 678 3884 unte
698 3827 797 3883 mundi
818 3827 1060 3893 constitutionem,
1078 3835 1215 3900 tunquam
1237 3826 1262 3882 is
1283 3826 1331 3898 qui

228 3909 281 3964 Dei
304 3909 340 3964 sit
362 3909 498 3973 Verbum,
513 3909 549 3965 sb
573 3906 653 3964 initio
672 3906 734 3972 fuit,
754 3915 837 3978 atque
858 3905 905 3963 hic
929 3908 1006 3964 solus
1027 3907 1138 3964 eoelitus
1161 3908 1190 3963 in
1216 3925 1331 3962 omnem

228 3997 332 4043 terram
358 3990 429 4045 roris
454 3991 543 4046 instar
570 3987 703 4044 stillavit:
733 3986 838 4043 dictum
864 4007 974 4062 qunque
998 3998 1043 4045 est
1066 3989 1145 4046 illum
1170 3987 1207 4043 sd
1232 4004 1331 4043 omnes

227 4066 358 4124 homines
372 4078 501 4125 exortum
515 4088 587 4134 esse,
602 4069 632 4125 iu
653 4068 688 4125 iis
709 4087 770 4144 qum
791 4068 874 4142 paulo
894 4079 960 4126 ante
974 4088 992 4125 s
1005 4069 1087 4126 nobis
1108 4068 1239 4143 exposita
1252 4075 1328 4130 sunt,

228 4157 257 4202 et
267 4147 407 4218 justitium
422 4158 634 4220 permanentem
650 4149 787 4223 usquead
802 4149 866 4205 vitae
881 4150 1164 4213 consummationem.
1180 4167 1241 4224 quae
1256 4147 1330 4204 lunae

228 4225 348 4281 sublatio
362 4227 508 4282 nominata
521 4241 572 4284 est.
606 4229 760 4285 Evidenter
775 4248 841 4286 vero
857 4228 1013 4286 salvatoris
1026 4229 1117 4287 nostri
1133 4228 1224 4285 virtus
1238 4227 1329 4285 domi-

227 4313 311 4360 natur
332 4313 416 4378 atque
435 4305 555 4377 imperat
568 4308 604 4361 sb
619 4307 681 4362 Eoo
703 4309 773 4363 muri
794 4327 882 4382 usque
903 4309 940 4366 ad
957 4310 1045 4366 solem
1065 4307 1252 4376 occidentem,
1268 4326 1330 4383 quae
