3142 4720
61 249 206 316 -η,
451 238 681 305 nnnousn.
707 239 876 305 nunno.
900 239 963 306 v1.
983 261 1031 325 13.
1248 243 1314 309 549

172 401 312 476 ιοΘειῦ.
352 399 513 483 Τούτους
531 399 568 480 δέ
587 399 751 498 μάλιστα
768 398 916 505 ᾐκίζετο,
927 404 986 479 καὶ
1004 398 1087 483 τοῦς
1104 402 1160 479 ἐπὶ
1179 401 1315 480 τοῦτον

213 523 391 626 ἄρχοντας
419 523 574 629 καθῄρει,
594 525 648 605 ὅτι
675 524 725 624 μῆ
753 527 985 629 ἀρκεσθέντες
1007 531 1052 628 τῇ
1077 531 1149 603 τῶν
1177 532 1337 608 λοιπῶνο

213 651 326 734 ἐθνῶν
353 654 544 756 διαφθορᾷ,
563 653 606 730 δι’
627 651 669 749 ῆς
696 650 779 734 τοῦς
805 648 942 734 πάντας
969 657 1017 732 εἰς
1044 647 1111 749 τῆν
1137 649 1315 730 πολύθεον

211 775 360 874 πλάνην
378 774 711 876 καταβεβλήκεσαυ,
731 779 790 854 καὶ
814 781 866 881 τῷ
890 776 1005 854 πάλαι
1026 783 1091 854 τοῦ
1110 781 1205 855 Θεοῦ
1224 783 1314 882 λαῷ,

214 901 310 1005 αὐτῷ
328 899 372 1000 δῆ
391 908 443 1007 τῷ
461 904 500 980 έκ
522 906 724 1002 περιτομῆς,
743 900 1120 995 δέπιβεβουλεῦκεσαν,
1140 906 1198 981 καὶ
1218 904 1310 981 ἀπο·

214 1024 419 1124 στήσαντές
446 1060 488 1127 γε
520 1035 585 1105 τοῦ
614 1032 710 1106 Θεοῦ
738 1030 796 1105 καὶ
825 1036 952 1106 τοῦτον
978 1029 1161 1111 παντοίαις
1188 1039 1308 1130 ’περι-
1324 1068 1355 1102 ιο

214 1151 357 1253 έπειραν
376 1153 615 1244 δυσσεβείαις.
665 1151 735 1231 Διὸ
752 1156 810 1231 καὶ
829 1151 994 1251 μάλιστα
1011 1153 1077 1252 τῆν
1093 1155 1138 1261 ἐξ
1153 1156 1313 1256 οὐρανῶν

176 1279 387 1376 ιιπεποίητο
406 1281 427 1356 ὁ
447 1278 580 1382 Κύριος
597 1277 762 1358 κάθοδον.
812 1276 927 1359 Ὅθεν
945 1279 1029 1384 ἑξῆς
1047 1282 1151 1384 φησὶ,
1172 1279 1243 1359 Ani
1260 1279 1313 1372 rip

216 1403 376 1497 ἀσέβειαν
394 1399 528 1496 Ἰακῦβ
550 1403 676 1501 Ιπιίιτα
708 1406 830 1493 ταῦτα,
862 1411 921 1482 καὶ
956 1399 994 1482 δι’
1024 1407 1194 1508 ἁμαρτίαι
1227 1405 1313 1483 οἴκου

214 1533 361 1636 Ἰσραήλ.
423 1532 495 1608 Καὶ
514 1529 565 1608 ἔτι
582 1529 672 1632 πρὸς
691 1527 828 1610 τούτοις
845 1533 909 1626 τῆς
927 1528 972 1634 ἐξ
987 1529 1137 1630 οὐρανοῦ
1161 1527 1314 1608 καθόδου
1325 1567 1352 1618 15

214 1662 279 1733 τοῦ
298 1651 421 1756 Λόγου
445 1653 512 1752 τὴν
534 1655 651 1734 αίτίον
672 1653 755 1759 ἑξῆς
773 1656 953 1758 διασαφεῖ,
971 1660 1035 1732 τοῦ
1058 1651 1123 1752 μὲν
1148 1655 1187 1732 ἐκ
1210 1687 1312 1757 περι·

214 1785 326 1878 τομῆς
344 1789 436 1859 λαοῦ
453 1779 519 1863 τὰς
536 1780 751 1874 δυσσεβείας
769 1779 1086 1880 ἀπαριθμοιίμενος,
1099 1783 1157 1858 καὶ
1175 1778 1238 1859 τὸν
1256 1782 1313 1859 ἐπὶ
1322 1803 1354 1867 P·
1365 1795 1426 1866 273

213 1905 358 1987 ταύταις
375 1905 596 2002 μετελθόντα
614 1904 741 1987 αὐτοῦς
760 1903 920 2006 ὄλεθρον,
939 1911 1011 1983 τῶν
1036 1903 1074 1984 δὲ
1098 1903 1167 1984 ἀνὰ
1188 1912 1315 1985 πᾶσαν

214 2029 281 2128 τῆν
299 2031 506 2130 οἰκουμένην
522 2032 635 2108 ἐθνῶν
652 2033 925 2135 προαναφωνῶν
947 2028 1014 2127 τὴν
1037 2035 1180 2128 κλῆσιν.
1241 2030 1314 2110 Διὰ

213 2164 327 2235 ταῦτα
345 2155 417 2257 γὰρ
436 2153 598 2254 ἐπεδήμει
624 2156 644 2232 ὁ
670 2164 734 2233 τοῦ
753 2159 848 2234 Θεοῦ
867 2150 988 2255 Λόγος
1012 2155 1057 2261 ἐξ
1072 2157 1231 2258 οὐρανῶν
1257 2157 1336 2242 ε’πὶε

173 2285 293 2382 urbe.
355 2282 428 2360 Καὶ
444 2287 519 2359 τῶν
536 2314 578 2381 γε
597 2278 731 2386 λέξεων
749 2280 866 2360 ἄκουε·

265 2427 321 2496 Δι’
337 2425 492 2512 ἀσέβειαν
515 2426 603 2495 οἴκου
619 2423 742 2511 Ἰακαλβ
757 2421 868 2494 πόντιε
885 2431 1003 2508 ταῦτα,
1020 2424 1072 2494 καὶ
1091 2421 1131 2494 δι’
1147 2425 1314 2520 ἁμαρτίαν

213 2541 304 2611 οἷκον
319 2539 471 2635 Ἰσραήλ.
515 2539 576 2614 Τίς
593 2544 612 2621 ἦ
629 2539 767 2626 ἆσέβεια
790 2538 879 2608 οἴκου
894 2539 1039 2626 Ἰοκιίβ;
1065 2540 1102 2608 οῦ
1120 2535 1312 2633 Σαμόρεια;

213 2655 267 2725 καὶ
293 2655 344 2731 τίς
369 2657 388 2735 ἧ
412 2655 561 2749 ἁμαρτία
582 2652 725 2750 [⁸oi'rav]
742 2651 864 2738 Ἰούδα,
888 2654 961 2749 crixi
986 2653 1227 2749 Ἱερουσολῆμ;
1260 2654 1312 2723 καί

214 2771 359 2852 θήσομαι
373 2764 563 2865 Σαμάρειαν
576 2771 619 2844 είς
635 2764 910 2865 ὀπωροφυλόκιον
927 2768 1043 2862 ἀγροῦ,
1054 2766 1107 2837 καὶ
1120 2768 1162 2841 εἷς
1176 2765 1312 2862 φυτείαν
1324 2797 1353 2832 ιο

255 2931 534 3066 ἱδπιβεβουτλεῦκασιν
545 2934 576 2989 Ρ.
660 2941 673 2972 ¹
685 2932 854 3005 περιέβαλον]
868 2932 1051 3004 περιέσπειρον
1060 2933 1091 2986 Ρ.
1109 2933 1272 3004 περιέπειραν
1282 2934 1310 2988 S.

215 3025 256 3066 ⁵⁰
283 3033 314 3066 ου
328 3031 382 3068 om.
423 3054 430 3067 .

214 3147 339 3204 maxime
362 3147 537 3212 verberabat,
563 3147 722 3222 horumque
745 3147 886 3223 principes
910 3147 1072 3206 auferebat:
1096 3149 1229 3223 quonism
1253 3168 1311 3206 non

214 3228 284 3284 satis
304 3227 442 3284 hebentes
459 3227 535 3301 quod
552 3227 673 3302 reliques
693 3228 823 3285 nsuones
843 3229 1044 3302 corrupissent,
1060 3237 1261 3304 corruptusque
1281 3231 1311 3286 in

215 3325 340 3364 errorem
361 3308 571 3382 compulissent,
594 3327 650 3382 quo
667 3308 745 3364 Deos
764 3309 859 3383 plures
879 3307 1013 3377 colerent,
1028 3309 1144 3384 antiqno
1165 3310 1249 3366 etism
1270 3310 1312 3366 illi

215 3387 271 3444 Dei
294 3387 408 3462 populo,
430 3388 478 3462 qui
501 3387 722 3445 circumcisionis
745 3407 827 3444 usum
849 3389 987 3455 servabat,
1008 3389 1134 3445 insidiari
1157 3398 1310 3464 coeperant,

215 3467 347 3542 huncque
360 3477 520 3525 avertentes
534 3487 551 3524 e
565 3466 630 3525 Deo
646 3467 739 3524 omnis
757 3469 869 3543 generis
883 3468 1075 3541 impietatibus
1089 3468 1310 3542 implicaverant.

215 3547 312 3614 Quare
332 3547 418 3604 etism
438 3547 563 3605 maxime
584 3549 620 3605 de
640 3548 713 3604 coelo
734 3547 880 3605 descendit
893 3547 1041 3612 Dominus,
1057 3566 1093 3604 ex
1107 3565 1164 3620 qno
1178 3549 1217 3604 nit
1231 3547 1309 3602 dein·

215 3643 292 3701 ceps,
309 3627 427 3701 Propter
439 3628 601 3703 impietatem
615 3627 705 3685 Jacob
719 3631 809 3684 omnio
825 3630 889 3694 λου,
900 3636 928 3683 et
939 3634 1051 3700 propter
1060 3634 1202 3701 ρεοσαιιιιιι
1216 3629 1311 3683 domm
1414 3653 1432 3688 ι,
1455 3666 1461 3680 .

216 3706 314 3763 Israel.
358 3707 408 3764 Ad
428 3709 489 3765 haec
510 3707 598 3765 Verbi
619 3709 704 3764 etim
726 3707 762 3764 de
782 3708 854 3764 coelo
873 3707 1024 3764 descensus
1044 3723 1158 3763 cansam
1179 3706 1311 3783 deinceps

215 3787 343 3860 exponit,
358 3787 406 3843 nbi
419 3788 508 3864 ipsias
521 3787 631 3844 Judeici
645 3787 741 3862 popuii
762 3787 920 3861 impietates
935 3795 1127 3853 connumeret,
1141 3795 1171 3844 et
1185 3789 1233 3845 ubi
1247 3796 1312 3863 post

215 3866 376 3941 impietates
390 3885 465 3936 enm,
477 3866 524 3942 qui
538 3868 615 3942 ipsos
629 3867 780 3932 invaserat,
794 3867 949 3933 interitum,
964 3885 997 3923 ec
1011 3867 1138 3942 gentium
1154 3886 1205 3943 per
1218 3877 1311 3926 totum

217 3947 315 4002 orbem
338 3948 517 4004 vocationem
540 3948 677 4004 enuntiet.
720 3949 874 4022 Propterea
897 3947 973 4004 enim
995 3947 1030 4004 de
1054 3948 1126 4004 coelo
1153 3949 1183 4005 in
1206 3958 1311 4006 terrem

217 4025 273 4082 Dei
282 4025 410 4084 Verbum
425 4027 582 4102 profectum
593 4038 646 4085 est.
668 4027 725 4085 Sed
738 4028 823 4084 verbe
836 4027 911 4092 nudi,
921 4027 1043 4102 Propter
1050 4031 1214 4102 impietatem
1223 4029 1312 4085 Jacob

217 4109 306 4162 οπιπὶα
321 4107 386 4172 λιες,
400 4116 427 4163 ct
443 4116 556 4182 propter
566 4117 707 4182 peccatum
727 4109 824 4163 ῦοιαιιε
840 4107 936 4164 israel.
982 4107 1049 4171 Qua
1062 4109 1186 4182 impietas
1198 4107 1314 4164 Jacob?

216 4203 303 4242 ποππε
325 4185 484 4244 Samaria?
513 4194 540 4243 et
568 4190 639 4260 qaod
657 4195 797 4262 peccatum
820 4187 925 4243 luda?
952 4207 1039 4245 ποιυιε
1064 4187 1263 4244 Hierusalem?
1286 4195 1313 4242 et

216 4283 313 4337 ponam
327 4267 489 4325 Samariam
511 4269 538 4322 ιἰι
555 4285 697 4341 perimam
716 4268 866 4325 ςιιιιοόὶοπι
887 4270 916 4324 in
933 4285 1009 4343 αρτο,
1023 4273 1050 4322 et
1070 4267 1098 4322 in
1117 4267 1314 4338 plantatim
