3108 4708
262 221 326 290 οτι
707 220 890 285 nosnnrr
1337 224 1501 292 μοι-

222 383 331 484 3ομὴν
363 381 435 463 ἀπῦ
467 392 530 462 τοῦ
556 384 725 482 Ἐλωείμ.
782 385 832 462 ‘O
858 388 946 482 γοῦν
968 378 1127 460 Ἀκύλας
1159 370 1360 478 ’διαφορὰν

260 509 359 594 εἰδὼς
394 514 458 608 τῆς
489 510 572 612 παρ’
601 510 782 610 Ἑβραίοις
813 513 908 586 θεοῦ
940 502 1185 607 προσηγορίας
1215 502 1254 579 ἐκ
1284 504 1383 578 τῶνε

260 636 416 733 Ἐλωεὶμ
434 634 707 734 σημαινομένης,
726 633 768 712 τὸ
793 642 855 712 νῦν
879 629 1096 730 δηλούμενον
1119 631 1157 707 ἐν
1182 631 1234 732 τῷ
1249 628 1360 704 Ἠλεὶ

259 765 366 842 Ἠλεὶ
394 763 457 842 οῦκ
484 762 640 868 ἠξίωσεν
668 762 795 859 ὁμοίως
821 765 894 843 τοῖς
921 763 1061 840 λοιποῖς
1088 764 1103 836 i
1128 752 1214 838 Θεῦς
1237 752 1358 836 loeis

259 926 325 995 μου
343 889 576 986 Ιμεταβαλὼν
594 893 712 983 εἰπεῖν,
730 886 829 967 ἀλλὰ
847 884 981 988 ιίοχορί
994 922 1059 989 ρον
1078 877 1196 985 ίοχυρέ
1206 910 1283 986 μιν·
1312 878 1358 958 τῦ

260 1017 289 1094 δ’
310 1014 453 1119 ἀκριβές
472 1017 581 1110 ε’στιν,
601 1013 701 1111 ἰσχῦς
718 1049 784 1119 μου
802 1011 901 1109 ἰσχῦς
918 1048 997 1115 μου.
1048 1006 1165 1088 Ὥστε
1184 1005 1273 1085 κατὰ
1290 1004 1358 1104 τὴν

261 1139 388 1221 τοῦτον
414 1139 570 1220 διάνοιαν
588 1138 652 1218 riv
672 1138 784 1238 ἀμνὸν
801 1147 865 1218 τοῦ
883 1144 977 1218 Θεοῦ
1004 1133 1067 1214 τὸν
1085 1135 1252 1237 ἡμέτερον
1271 1139 1352 1212 Σω-
1369 1168 1401 1203 ιο

235 1265 239 1272 ’
261 1271 353 1370 τῆρα
371 1264 562 1374 φάσκοντα
578 1265 620 1345 τὸ
637 1267 745 1344 Ἠλεὶ
762 1267 869 1344 Ἠλεὶ
886 1261 976 1366 πρὸς
994 1261 1057 1344 τῦν
1074 1261 1210 1362 πατέρα
1229 1260 1358 1361 λέγειν,

222 1427 251 1474 ιι
264 1395 380 1497 ίσχορί
395 1429 461 1496 μου
484 1389 601 1494 ίσχυρί
617 1429 682 1492 μου
704 1393 791 1471 iveri
809 1392 1035 1491 ἐγκατέλιπές
1054 1425 1110 1493 με.
1169 1391 1240 1466 Καὶ
1263 1386 1360 1490 τάχα

262 1519 336 1597 ἐπεὶ
356 1516 586 1618 ἐγκατέλιπεν
610 1515 717 1595 αὐτὸν
741 1519 761 1595 5
787 1515 934 1620 ἰσχυρὸς
950 1517 1068 1612 αῦτοῦ,
1086 1515 1212 1594 τοῦτον
1230 1513 1400 1618 1’χάρινμ
1410 1535 1474 1602 495

263 1641 527 1754 [ἐσταυρώθη],
546 1640 593 1726 ὦς
620 1649 735 1748 φησιν
762 1642 782 1719 5
809 1639 1026 1738 ἀπόστολος,
1047 1649 1107 1720 καὶ
1135 1640 1204 1748 γῖιρ
1230 1642 1352 1721 ἑοτοιν-

260 1765 337 1874 ριίθη
366 1767 402 1872 ἐξ
429 1766 607 1856 ἀσθενείας,
638 1775 697 1847 κοῦ
728 1766 775 1875 (i
806 1767 844 1847 ιἰι
877 1761 1044 1871 dussimus
1077 1768 1172 1854 Θεοῦ,
1201 1769 1275 1850 ’ὦς
1306 1767 1358 1864 μὴ

259 1895 477 1992 σταυρωθεὶς
494 1891 566 1989 ἐἴη
585 1890 640 1989 ἂν,
659 1899 687 1970 εί
705 1891 755 1990 μὴ
774 1893 794 1971 5
813 1890 960 1996 ίσχυρῦς
978 1892 1086 1970 αῦτοῦ
1105 1893 1357 1972 καταλελοίπει

222 2014 379 2104 ηιαῦτόν.
437 2019 510 2096 Καὶ
527 2017 593 2121 ὅρα
611 2023 640 2096 εί
658 2017 708 2117 μὴ
726 2017 853 2120 ἔπρεπε
874 2018 938 2096 τὸν
956 2015 1069 2115 ἀμνὸν
1087 2026 1151 2096 τοῦ
1169 2023 1275 2114 Θεοῦ,
1290 2016 1380 2102 τῦνε

260 2142 307 2223 ὡς
326 2139 510 2241 πρόβατον
532 2143 589 2221 ε’πὶ
614 2140 766 2245 σφαγὴν
791 2141 943 2245 ἀχθέισα
968 2143 1026 2221 καὶ
1053 2144 1101 2223 ὡς
1119 2138 1232 2237 ἁμνῦν
1250 2143 1352 2218 ε’ναν·

258 2265 333 2342 τίον
360 2273 424 2342 τοῦ
452 2266 626 2365 κείροντος
653 2267 809 2372 ἄφωνον,
831 2266 895 2349 τὰς
922 2269 1047 2350 οἰκείας
1075 2264 1237 2364 δυνάμεις
1265 2268 1355 2344 ἀνο-

258 2388 389 2468 τιθέναι
406 2395 458 2496 τῷ
475 2395 569 2497 Θεῷ,
588 2394 644 2468 καὶ
667 2390 776 2490 μηδὲν
801 2392 889 2470 ἴδιον
911 2391 1003 2495 ἔχειν
1021 2392 1186 2491 ἡγεῖσθαι
1204 2389 1227 2491 ἢ
1244 2388 1356 2488 μόνον

258 2513 321 2593 τὸν
345 2516 493 2618 πατέρα·
522 2515 577 2594 διὸ
605 2520 663 2594 καὶ
692 2516 841 2621 ἰσχυρὸν
865 2516 928 2597 τὸν
953 2517 1090 2618 πατέρα
1113 2520 1221 2596 αὑτοῦ
1239 2520 1349 2598 Ιἀπο·
1366 2557 1397 2591 ιο

259 2647 370 2738 καλεῖ,
388 2644 436 2724 ὡς
463 2645 521 2720 καὶ
545 2643 582 2721 ἐν
606 2642 887 2749 ἑπτακαιδεκάτῳ
910 2647 1057 2750 Ψαλμῷ
1081 2642 1189 2748 ὶσχῦν
1207 2647 1384 2729 ιεἀντοῦο

299 2825 453 2896 ι’διφθορίιν
467 2825 494 2881 S.
626 2833 638 2866 Ι
651 2826 835 2899 μεταβάλλον]
851 2829 1006 2898 μεταβαλὸν
1017 2829 1047 2884 Ρ.
1170 2829 1182 2870 l
1196 2833 1289 2904 ίσχνρέ
1302 2855 1353 2899 μου

259 2904 342 2960 semel
356 2905 384 2960 S.
485 2913 502 2946 ὓ
515 2905 591 2977 χάριν
604 2905 767 2979 ἐσταυρώθη]
785 2907 934 2978 ἐσταυρώθη
948 2927 1002 2964 om.
1019 2909 1080 2966 RS.
1184 2920 1199 2952 ¹
1214 2911 1260 2984 ὣς]
1277 2911 1306 2968 ὃς
1320 2914 1351 2969 S.

259 2982 324 3052 λείη
338 2985 400 3038 odd.
416 2984 447 3039 P.
672 2994 687 3026 Ι
699 2986 850 3059 ἀποκαλεῖν]
867 2986 993 3044 ἀποκαλεῖ
1005 2989 1038 3046 P.
1053 2997 1081 3046 el
1094 3011 1138 3063 γρ.
1154 2991 1219 3050 ΕΙ).
1235 2993 1351 3050 PARIS.

258 3061 380 3136 ⁸dnnrqi]
397 3065 488 3118 inormi
504 3064 534 3119 P.

258 3218 374 3276 modum
396 3221 494 3296 reliqui
515 3241 602 3297 quum
623 3231 801 3281 converteret
823 3225 1029 3284 enunoisndum
1051 3228 1168 3302 putavit,
1189 3229 1249 3292 sed,
1262 3228 1355 3303 sortis

258 3318 340 3365 meus,
349 3301 441 3374 fortir
454 3321 535 3369 meur,
551 3322 636 3377 quare
651 3304 823 3379 dereliquisti
843 3305 911 3364 me?
933 3308 1008 3380 quod
1022 3308 1136 3381 quidem
1149 3309 1354 3384 siexquisitius

258 3381 351 3455 eloqui
372 3381 502 3448 volneris,
519 3383 606 3450 diues,
628 3385 828 3452 roboremur,
850 3387 933 3443 robur
956 3406 1050 3444 meum.
1094 3389 1190 3457 Quure
1211 3407 1247 3446 ex
1269 3390 1355 3463 hujus

258 3461 490 3536 interpretatione
511 3482 603 3538 ugnus
627 3463 692 3530 Dei,
718 3466 765 3540 qui
787 3475 832 3524 est
851 3473 950 3524 noster
969 3465 1108 3535 Salvator,
1128 3469 1196 3526 dum
1218 3468 1287 3526 illud
1308 3469 1355 3526 Eli

259 3542 304 3598 Eli
319 3542 388 3600 dicit
406 3543 443 3600 ed
460 3550 580 3617 putrem,
595 3543 665 3599 illud
679 3544 756 3610 dicit,
772 3547 859 3605 Fortis
872 3544 1046 3621 montfortis
1059 3567 1142 3615 mem,
1158 3567 1241 3622 qnare
1254 3549 1353 3606 dereli-

259 3625 340 3696 quisti
360 3625 428 3680 me?
462 3623 500 3679 Et
520 3623 641 3680 forsitan
659 3625 735 3698 quod
749 3626 840 3700 ipsum
855 3626 1037 3700 dereliquerit
1049 3627 1131 3684 fortis
1151 3647 1227 3695 sous,
1247 3629 1355 3686 ideirco

259 3703 409 3760 crucifixus
423 3711 474 3768 est,
489 3711 521 3759 ut
535 3703 575 3759 ait
588 3705 743 3779 spostolus.
758 3706 872 3764 Etenim
886 3708 1029 3782 crucifixus
1042 3715 1083 3764 est
1096 3727 1129 3765 εν
1147 3709 1312 3784 infimitate,
1327 3717 1355 3767 et

258 3784 325 3840 vivit
345 3803 378 3841 ιν
398 3785 498 3842 virtute
513 3784 588 3841 Dei:
612 3784 792 3858 quiquidem
816 3804 960 3860 uunquam
979 3787 1056 3844 cruci
1076 3797 1152 3846 esset
1172 3789 1281 3856 affixus,
1299 3791 1355 3847 nisi

257 3863 339 3920 sortis
354 3883 421 3922 suus
436 3863 527 3938 ipsum
538 3863 740 3938 dereliquisset.
782 3865 821 3922 Et
834 3884 902 3922 sune
922 3866 1029 3940 inspice
1043 3876 1085 3932 tu,
1100 3886 1185 3941 quum
1199 3868 1271 3925 bene
1285 3887 1354 3926 eon-

258 3943 375 4008 venerit,
402 3961 507 4017 egnum
530 3943 594 4009 Dei,
616 3944 664 4018 qui
687 3951 719 4002 nt
739 3945 800 4001 ovis
822 3946 858 4002 ud
880 3946 1066 4003 occidendum
1089 3947 1126 4003 sit
1143 3948 1244 4005 ductus
1268 3955 1297 4004 et
1323 3957 1357 4004 ut

258 4037 350 4093 ugnus
364 4039 460 4078 eorem
474 4023 610 4082 tondente
625 4023 805 4092 obmutuerit,
817 4043 881 4083 suns
891 4026 966 4084 vires
980 4027 1017 4083 sd
1029 4027 1121 4101 ipsum
1133 4029 1224 4084 Deum
1238 4025 1354 4092 referre,

257 4105 287 4153 et
307 4098 375 4154 nihil
398 4103 542 4172 proprium
563 4122 595 4160 se
614 4104 719 4162 habere
740 4106 869 4162 arbitrari
890 4106 944 4163 nisi
966 4125 1051 4163 unum
1070 4115 1189 4180 putrem.
1232 4107 1356 4163 Proinde

257 4173 342 4228 etiam
356 4175 460 4229 fortem
480 4196 561 4234 sunm
580 4183 672 4254 ipsum
686 4195 794 4256 petrem
811 4194 901 4248 voest,
916 4203 983 4242 sune
1005 4186 1244 4260 quemadmodum
1259 4187 1304 4242 vel
1325 4187 1356 4242 in

256 4249 366 4305 decimo
388 4250 508 4319 septimo
528 4257 640 4312 Psalmo
664 4262 749 4318 robur
774 4281 854 4319 suum
877 4272 906 4320 et
927 4265 1145 4330 firmamentum,
1161 4275 1190 4324 et
1212 4266 1355 4340 refugium
