3132 4714
219 217 283 283 638
666 216 852 281 EUSEBII
1295 235 1479 302 p‚3r9-

219 387 322 468 εἰκὼν
348 387 404 487 ἦν·
435 391 454 468 ὁ
483 389 514 466 δ’
535 387 661 491 ἕτερος,
687 393 759 468 τῶν
785 384 1024 467 ἀποστάισων
1046 391 1110 486 τῆς
1131 389 1316 490 Ἰερουσα-

219 514 305 614 λὴμ,
325 514 463 615 δηλαδὴ
488 523 560 595 τῶν
578 514 888 596 ἀποπεπτωκότων
912 520 976 615 τῆς
1003 514 1094 596 κατὰ
1121 514 1185 596 τὸν
1210 513 1319 614 νόμον

179 651 283 723 saroa
302 646 397 722 θεοῦ
415 644 591 744 λατρείας.
643 639 731 721 Ὅτι
755 642 792 722 δὲ
815 650 928 723 ταῦτα
946 641 1038 722 κατὰ
1057 643 1214 722 διάνοιαν
1232 675 1315 744 τρο·
1328 670 1361 733 p·
1371 669 1451 736 320

218 774 329 852 πικῶς
347 769 587 873 ἀποδέχεσθαι
604 766 790 872 προσήκει,
808 769 916 865 μάθοι
934 769 980 848 ἅν
997 804 1051 854 τις
1074 771 1131 849 καὶ
1157 766 1230 850 ἀπὸ
1247 775 1320 847 τῶν

218 896 302 1004 ἑξῆς
320 896 588 999 ἐπιλεγομένων,
607 900 649 976 δι’
671 895 721 976 ὦν
739 900 839 1003 ἐυτῇ
865 898 977 1005 ἡμέρᾳ
1001 905 1066 977 τοῦ
1083 894 1319 996 Ἐμμανουὴλ

218 1027 323 1124 μυίας
349 1023 447 1109 τινὰς
476 1028 535 1104 καὶ
567 1025 749 1123 μελίσσας
775 1023 1034 1105 ἐπελεύσεσθαι
1061 1030 1113 1132 τῷ
1139 1024 1342 1104 Ἰουδαίωνς

218 1151 309 1231 ἔθνει
331 1154 388 1231 καὶ
413 1152 434 1230 ὁ
458 1149 569 1254 λόγος
594 1149 761 1252 θεσπίζει,
780 1149 844 1234 τὰς
871 1149 937 1250 μὲν
957 1152 1016 1231 ἀπ’
1043 1150 1237 1254 Αἰγύπτου,
1255 1149 1320 1235 τὰς

220 1275 258 1356 δὲ
276 1273 347 1356 ἀπὸ
366 1283 438 1358 τῶν
453 1279 672 1380 Ἀσσυρίων,
691 1275 757 1377 τὴν
776 1275 940 1384 κεφαλὴν
959 1276 1115 1361 καὶτοὺς
1132 1276 1320 1360 πόδαςκαὶ

219 1400 283 1483 τὸν
303 1405 462 1506 πώγωνα
488 1404 740 1512 ἀποξυρήσειν,
758 1405 949 1508 ἄνθρωπον
976 1403 1015 1484 δὲ
1042 1403 1199 1504 δάμαλιν
1222 1410 1321 1499 βοῶν

218 1533 278 1609 καὶ
305 1530 369 1610 δύο
395 1529 562 1634 πρόβατα
590 1532 747 1638 θρέψειν,
766 1536 825 1611 καὶ
848 1533 949 1610 ἄλλα
972 1531 1053 1611 τινὰ
1079 1533 1160 1610 καθ’
1182 1531 1244 1610 ἕνα
1261 1534 1362 1610 καὶΙο

218 1655 283 1737 τὸν
296 1657 405 1738 αὑτὸν
422 1657 552 1762 χρόνον
565 1657 714 1739 ἔσεσθαι
732 1659 894 1759 οὐδαμῶς
911 1657 1002 1761 πρὸς
1021 1656 1121 1764 λε’ξιν
1135 1658 1348 1757 νοούμεναῐ)

219 1784 310 1864 κατὰ
324 1784 438 1885 μόνην
456 1783 494 1865 δὲ
513 1782 669 1866 διάνοιαν
687 1785 919 1889 θεωρούμενα.

180 1963 212 2014 54
275 1924 400 2000 Ταῦτα
417 1919 483 2019 μὲν
500 1919 563 2000 οῦν
580 1927 738 2001 τοιαῦτα·
768 1919 864 2005 ὅπως
889 1919 926 2000 δὲ
952 1921 975 2020 ἡ
999 1928 1168 2024 παροῦσα
1192 1917 1318 2026 γραφὴ

166 2101 171 2112 ·
219 2050 283 2145 τῆς
299 2054 364 2126 τοῦ
382 2052 548 2149 Σωτῆρος
565 2047 666 2146 ἡμῶν
684 2048 808 2147 Ἰησοῦ
826 2041 991 2149 Χριστοῦ
1009 2046 1182 2149 γενέσεως
1206 2080 1314 2149 προε-

220 2170 372 2272 σήμαινε
384 2170 448 2253 τὸν
461 2173 605 2278 τρόπον,
619 2174 838 2279 μαριυρήσει
851 2169 923 2255 ὧδέ
934 2209 1011 2258 πως
1025 2175 1045 2252 ὁ
1059 2171 1343 2276 εύαγγελισπῆςς

221 2298 383 2404 γράφων,

273 2450 346 2520 Τοῦ
362 2449 396 2520 di
411 2450 522 2534 Ἰησοῦ
537 2449 695 2548 Χριστοῦ
711 2457 729 2534 ἡ
748 2453 873 2545 γένεσις
890 2450 990 2529 οῦτως
1006 2452 1055 2534 ἧν·
1070 2453 1320 2536 turmodum

222 2566 291 2664 γὰρ
308 2575 366 2650 τῆς
381 2565 506 2665 μητρὸς
529 2570 627 2640 αύτοῦ
646 2568 780 2664 Μαρίας
802 2574 851 2659 τῷ
871 2567 1009 2664 Ἰωσὴφ,
1026 2568 1104 2664 πρίν
1121 2567 1139 2650 ᾖ
1156 2573 1320 2640 συνελθεῖν

223 2684 348 2770 αύτούς,
365 2685 475 2781 εὑρέθη
493 2686 524 2755 ἐν
542 2684 670 2780 γαστρί
687 2685 811 2781 ἔχουσα
829 2685 862 2754 ἐκ
880 2682 1074 2767 Πνεύμοτος
1091 2685 1198 2776 ἁγίου.
1247 2683 1320 2754 Ἰω-

222 2801 296 2898 σὴφ
315 2799 349 2872 di
370 2803 389 2871 ὁ
413 2802 491 2898 ἀνὴρ
509 2803 615 2885 ούτῆς,
633 2799 751 2876 δίκαιος
773 2797 826 2883 ὦν,
843 2799 957 2882 καὶμὴ
975 2799 1077 2870 θέλων
1094 2797 1321 2895 παροδειγμα·
1334 2827 1365 2863 10

221 3007 303 3072 rona,
323 3025 378 3080 quo
402 3007 432 3062 in
455 3006 631 3063 simulachris
649 3006 775 3064 colendis
797 3012 898 3081 gentes
921 3005 1102 3070 tenebantur,
1124 3011 1187 3062 erat
1206 3004 1320 3079 imago:

223 3087 295 3144 alter
309 3104 376 3144 vero
394 3105 503 3153 eorum,
519 3088 567 3162 qui
586 3087 622 3144 ab
645 3083 824 3144 Hierusalem
845 3086 1015 3153 defecerant,
1032 3086 1079 3161 qui
1094 3085 1225 3144 videlicet
1237 3104 1255 3142 a
1268 3085 1324 3141 Dei

223 3166 350 3242 legitima
370 3167 535 3225 adoratione
556 3168 730 3235 deciderant,
744 3168 866 3243 figurate
886 3185 1036 3241 personam
1050 3185 1150 3243 gerere
1164 3165 1323 3223 videbatur.

224 3248 310 3318 Quod
325 3266 391 3304 vero
405 3247 466 3306 haec
480 3249 517 3306 ad
531 3267 645 3306 aeneum
659 3267 692 3306 ex
707 3249 799 3324 figora
819 3247 945 3324 accipere
966 3255 1106 3322 oporteat,
1122 3247 1227 3326 poterit
1245 3246 1323 3321 quis-

223 3329 299 3404 piam
313 3329 400 3386 etiam
414 3347 450 3387 ex
469 3329 503 3386 iis
521 3349 584 3404 quae
598 3339 753 3405 aequantur
766 3329 920 3395 addiooere,
935 3327 983 3385 ubi
997 3329 1027 3384 in
1041 3328 1141 3386 diebus
1154 3325 1324 3384 Emmanuel

223 3429 335 3468 muscae
360 3410 496 3485 quasdam
514 3420 599 3486 atque
619 3429 687 3486 apes
707 3410 856 3468 Judaioam
874 3419 991 3485 gentem
1012 3409 1158 3466 invasurae
1179 3408 1324 3465 orandum

224 3492 309 3557 canit,
325 3491 393 3548 alias
407 3491 520 3566 quidem
534 3493 570 3548 ab
584 3493 724 3568 AEgypto,
739 3491 807 3548 aliae
821 3500 917 3548 autem
933 3490 970 3546 ab
984 3489 1118 3566 Assyriis,
1134 3497 1274 3564 caputque
1289 3505 1323 3544 ac

224 3574 311 3648 pedes
334 3581 364 3630 et
387 3572 504 3630 barbam
533 3573 679 3630 dominum
704 3572 877 3636 abrasumm.
906 3569 1052 3628 hominem
1078 3589 1147 3628 vero
1171 3571 1323 3644 juvenoam

224 3653 310 3710 boum
325 3663 355 3711 et
369 3653 438 3710 duae
452 3672 519 3711 oves
533 3655 714 3718 nutriturum,
726 3661 756 3710 et
769 3653 824 3710 alia
837 3651 966 3727 quoedam
980 3651 1034 3708 aub
1048 3670 1136 3708 unum
1150 3659 1235 3724 atque
1248 3649 1324 3706 idem

225 3740 337 3809 tempus
350 3735 455 3800 futura,
471 3752 533 3809 qaae
547 3734 624 3791 nullo
642 3734 730 3792 modo
746 3735 783 3790 ad
795 3735 913 3790 vernum
932 3731 1053 3808 intelligi
1071 3738 1201 3806 possunt,
1217 3731 1268 3788 aed
1287 3729 1325 3786 ad

225 3831 339 3871 nonaum
355 3814 504 3872 dumtaxat
517 3815 680 3890 accipienda
693 3821 768 3871 aunt.

266 3894 304 3951 Et
318 3895 380 3950 boec
396 3894 510 3968 quidem
528 3895 558 3952 in
577 3897 654 3953 huno
670 3895 787 3952 modum
800 3913 831 3951 ae
845 3894 971 3959 habent;
993 3893 1070 3968 quod
1091 3900 1185 3950 autem
1208 3909 1243 3947 ea
1262 3908 1324 3963 qum

226 3973 266 4030 aie
281 3974 386 4047 scripta
403 3984 472 4032 aunt
486 3975 641 4033 Salvatoria
658 3975 749 4032 nostri
761 3975 832 4033 lesu
846 3975 955 4033 Christi
977 3975 1092 4031 modum
1114 3971 1249 4030 nascendi
1264 3971 1322 4046 oig-

226 4053 410 4118 nificaverint.
433 4055 492 4129 ipae
513 4057 688 4132 evangelista
709 4057 764 4112 hoc
785 4065 869 4130 puoto
890 4055 1087 4113 testificabitur
1108 4053 1244 4118 scribens,
1258 4051 1325 4108 θεον

229 4135 330 4190 Christi
353 4141 440 4190 autem
461 4140 599 4208 panormio
622 4139 660 4194 ric
681 4144 757 4193 erut.-
779 4155 860 4210 qaam
882 4144 948 4194 erret
972 4139 1131 4210 desponsata
1154 4141 1243 4190 mater
1266 4130 1326 4203 ejus

228 4215 320 4269 Μανία
335 4211 443 4285 Jvaepla
458 4220 604 4286 antequam
625 4219 806 4281 convenirent,
826 4219 936 4274 ιάυειυο
956 4225 996 4273 est
1018 4220 1046 4272 ia
1068 4223 1147 4271 atero
1170 4213 1271 4270 doleno
1290 4213 1326 4268 de

227 4293 334 4366 Spiritu
348 4299 448 4348 sancto.
480 4292 586 4366 Joaepla
599 4305 688 4353 autem
704 4297 746 4352 vir
758 4295 825 4366 ej'aa,
840 4316 922 4372 quam
937 4305 1006 4354 esset
1013 4295 1116 4368 justae,
1129 4303 1156 4352 et
1170 4295 1254 4351 nollet
1267 4311 1325 4350 eum
