3130 4722
52 247 203 328 —367..
411 245 638 312 DEMONST.
663 246 833 312 EVANG.
860 248 958 311 VIII.
977 267 1004 311 1.
1223 248 1286 316 729

185 411 370 491 ἐλεύσονται
390 411 427 492 ie
446 448 516 504 σου,
540 423 599 494 καὶ
618 417 783 502 βασιλεῖς
802 415 840 494 ia
860 411 918 505 τῆς
937 411 1061 518 ὀσφύος
1080 415 1138 492 σοῦ
1156 413 1284 520 ἐξελεύ-

161 557 309 617 6σονται.
359 521 552 623 Τοσαύτας
569 543 651 641 περὶ
671 543 735 638 τῆς
757 546 830 619 τῶν
854 541 966 618 ἐθνῶν
990 538 1154 639 κλήσεως
1171 575 1282 644 προρ-
1295 583 1325 619 ιο

182 661 305 764 ρῆσεις
321 673 386 743 τοῦ
404 670 500 744 Θεοῦ
521 664 805 767 προμεμαθηκὼς
828 664 848 742 ὁ
866 662 1007 760 Ἰακὼβ,
1025 664 1162 744 παίδων
1187 669 1284 774 αὐτῷ

182 789 244 869 τὸν
278 789 429 893 ἀριθμὸν
462 789 726 892 γεγεννημένων
759 787 916 886 δεκαδύο,
944 788 1035 891 πρὸς
1063 795 1108 895 τῇ
1135 797 1282 897 τελευτῇ

180 914 414 1016 συγκαλέσας
431 913 513 1000 τοῦς
530 913 668 999 πάντας
686 913 911 1017 περιεσκόπει
930 915 973 1020 ἐξ
990 916 1113 994 ὁποίου
1131 915 1201 1017 α’ίρα
1219 918 1311 1000 uui-b

180 1047 252 1120 τῶν
265 1045 329 1139 τῆς
343 1044 509 1146 διαδοχῆς
522 1041 568 1120 τὰ
580 1049 652 1121 τῶν
662 1049 726 1122 τοῦ
738 1047 833 1121 Θεοῦ
843 1040 1079 1143 προρρήσεων
1090 1043 1165 1121 qe’rri
1177 1041 1282 1127 τέλος

181 1167 272 1274 ἥξει·
306 1165 366 1248 εἶτ’
393 1172 523 1252 ἐπιθεὶς
550 1171 647 1272 τρισὶ
680 1167 746 1266 μὲν
772 1176 846 1252 τοῖς
873 1168 1028 1270 πρώτοις
1055 1169 1151 1274 αὐτῷ
1179 1203 1280 1269 γενο-

179 1293 297 1392 μένοις
313 1299 440 1374 παισὶν
463 1294 633 1399 ἐλέγχους
652 1292 702 1375 οῦν
724 1292 1024 1395 ἐπλημμέλησαν,
1043 1293 1200 1398 ἐπιφέρει
1222 1299 1302 1376 δι·5

180 1419 336 1516 δίσκων,
351 1419 406 1500 ῦτι
419 1428 492 1500 τῶν
506 1419 777 1520 τετολμημένων
795 1422 913 1504 αὐτοῖς
932 1420 1031 1500 ἕνεκα
1050 1420 1092 1498 οῦ
1110 1421 1153 1498 δι’
1163 1422 1281 1501 αὐτῶν

179 1547 496 1648 ἐκπληρωθῆσεται
531 1546 577 1626 τὰ
613 1553 686 1625 τῶν
721 1543 956 1648 προρρήσεων
987 1546 1276 1642 ἀποτελέσματα.

118 1697 126 1714 ·
157 1670 263 1751 ιἘπὶ
289 1672 327 1752 δέ
352 1674 416 1753 τὸν
438 1673 606 1774 τέταρτον
631 1671 748 1752 ἐλθὼν
771 1671 834 1753 τὸν
851 1669 999 1769 Ἰούδαν,
1019 1673 1108 1769 ὁμσῦ
1127 1670 1190 1751 τὸν
1209 1673 1280 1778 φή-

177 1832 296 1878 σαντα
332 1801 428 1906 αύτῲ
459 1798 636 1904 χρησμὸν,
666 1802 827 1891 βασιλεῖς
861 1800 900 1878 tu
933 1796 990 1890 τῆς
1022 1797 1144 1903 ὀσφύος
1179 1803 1280 1880 αὐτοῦ

176 1923 409 2030 ἐξελεύσονται,
434 1925 493 2004 διὰ
519 1929 582 2025 τῆς
609 1925 736 2004 τούτου
764 1928 930 2028 διαδοχῆς
957 1924 1062 2008 τέλος
1089 1927 1278 2032 λήψεσθαι
1288 1961 1318 1997 ιο

175 2051 343 2152 θεσπίζει.
404 2049 598 2155 Πρόδηλον
625 2050 697 2154 γὰρ
723 2055 771 2133 ὡς
798 2054 837 2130 ἐκ
864 2055 927 2148 τῆς
945 2049 1063 2130 Ἰούδα
1088 2054 1207 2156 φυλῆς
1233 2051 1277 2130 τὸ

174 2176 370 2272 βασιλικὸν
387 2176 547 2278 συνέστη
565 2179 678 2281 γένος·
705 2179 793 2277 ὁμοῦ
811 2180 870 2256 καὶ
888 2175 952 2261 τὰς
970 2185 1034 2256 τοῦ
1053 2183 1149 2257 Θεοῦ
1165 2211 1301 2281 πρσρ-ιι

173 2304 297 2406 ρήσεις
332 2307 390 2383 καὶ
421 2302 485 2388 τὰς
518 2310 591 2384 τῶν
622 2307 733 2384 ε’θνιῦν
774 2302 988 2407 ὑποσχέσεις
1022 2305 1104 2382 καθ’
1134 2302 1276 2388 ὁποίους

175 2428 413 2530 ἐνστήσονται
435 2429 584 2534 χρόνους
603 2429 836 2533 παρίστησιν,
855 2430 899 2535 ἐξ
915 2431 1022 2508 αὐτοῦ
1044 2462 1083 2508 τε
1104 2429 1276 2530 προελεύ-

173 2563 308 2638 σεσθαι
339 2558 497 2635 διδάσκει
528 2555 591 2635 τὸν
622 2555 808 2654 μέλλοντα
836 2557 948 2636 σίτων
977 2556 1295 2654 καταστῆσεσθαις

173 2690 266 2762 πᾶσι
289 2690 362 2766 τοῖς
388 2683 507 2762 ἔθνεσι
532 2685 590 2761 καὶ
616 2682 752 2767 πάσαις
779 2690 855 2765 ταῖς
881 2689 1014 2787 φυλαῖς
1036 2687 1099 2779 τῆς
1117 2687 1186 2782 γῆς
1210 2685 1274 2778 τῆς

149 2810 430 2913 ιπαραπλησίας
445 2815 496 2917 τῷ
508 2808 679 2912 Ἀβραὰμ
697 2809 873 2910 εὐλογίας.
908 2816 1034 2889 Ταῦτα
1051 2809 1113 2887 οὖν
1132 2804 1274 2886 ἅπαντα

336 3013 352 3058 (l
366 3006 408 3059 ini
421 3004 510 3077 τέλος]
525 3027 568 3077 γρ.
582 3005 730 3061 ἐπίπλους
744 3005 804 3059 ΕΙ).
821 3005 939 3060 PARIS.
955 3011 982 3059 et
995 3003 1034 3057 sic
1048 3003 1109 3059 RS.

171 3164 346 3240 epredientur
358 3168 392 3222 de
406 3173 441 3231 te,
450 3176 477 3222 et
490 3183 567 3240 reyes
579 3166 612 3221 de
627 3164 725 3222 lumbis
739 3165 793 3220 tuis
803 3165 980 3238 egredientur.
1003 3163 1098 3233 Quum
1109 3173 1167 3220 tam
1183 3165 1272 3223 multa

171 3245 207 3302 de
230 3247 380 3302 vocatione
404 3247 532 3320 gentium
556 3245 669 3302 oracula
691 3244 781 3302 Jacob
803 3253 887 3302 antea
910 3244 1091 3319 percepisset,
1116 3253 1146 3301 et
1166 3245 1271 3302 liberos

169 3344 263 3382 mares
278 3326 426 3382 duodecim
437 3345 557 3382 numero
567 3325 722 3400 genuisset.
735 3325 865 3382 omnibus
876 3325 931 3380 illis
942 3333 1071 3380 extremo
1081 3342 1133 3380 suo
1144 3332 1271 3397 tempore

170 3406 343 3471 convocatis,
369 3406 612 3480 circumspiciebat
639 3405 675 3461 ds
699 3407 779 3480 cujus
807 3405 918 3461 illorum
949 3404 1151 3478 propagatione
1176 3403 1272 3460 divina

169 3485 284 3542 oracula
306 3485 392 3542 finem
414 3504 497 3543 suum
519 3494 614 3543 essent
633 3494 801 3559 acceptura:
825 3483 926 3541 deinde
949 3501 1036 3556 quum
1060 3481 1151 3537 tribus
1171 3481 1270 3556 primis

168 3566 288 3622 crimina
308 3566 422 3641 propria
443 3566 602 3640 objecisset¹
622 3565 718 3622 docuit
739 3564 872 3638 deinceps
893 3561 1131 3637 quemadmodum
1153 3569 1270 3635 propter

168 3647 284 3710 scelera,
299 3665 361 3720 qnae
375 3645 428 3721 ipsi
443 3646 637 3710 audiuerant,
652 3664 710 3701 non
725 3645 753 3700 in
772 3644 842 3722 ipsis
863 3643 1030 3716 complenda
1044 3648 1148 3705 essent.
1164 3660 1226 3715 quse
1238 3640 1270 3697 in

167 3725 308 3799 prioribus
329 3726 448 3783 oraculis
469 3735 572 3783 eventa
591 3725 817 3782 continebantur.
861 3722 957 3792 Quum
979 3731 1072 3779 autem
1087 3721 1211 3778 venisset
1232 3721 1270 3777 ad

167 3815 299 3880 quartum
314 3807 362 3880 qui
372 3805 392 3864 J
395 3806 463 3863 udas
477 3807 540 3873 fuit,
549 3815 610 3863 tum
624 3824 692 3862 vero
706 3805 851 3861 oraculum
866 3803 941 3878 quod
955 3802 1009 3876 ipsi
1019 3802 1087 3858 olim
1101 3819 1269 3875 responsum

166 3886 268 3950 inerat,
286 3886 375 3961 Reges
395 3888 428 3942 de
450 3887 545 3943 iambis
566 3887 618 3944 tuis
637 3886 817 3960 egredientur,
838 3902 873 3940 ex
896 3883 980 3958 hujus
998 3881 1164 3956 posteritate
1185 3899 1269 3938 enum

167 3968 252 4022 tinem
274 3977 456 4040 accepturum
477 3965 639 4041 planissime
660 3965 780 4023 cecinit:
803 3972 915 4021 constat
933 3963 1008 4019 enim
1030 3961 1268 4036 quemadmodum

168 4045 203 4102 de
217 4046 292 4102 tribu
306 4047 324 4104 J
327 4047 382 4104 uda
395 4047 506 4121 regium
521 4065 612 4120 genus
626 4044 760 4110 extiterit,
772 4053 801 4101 et
815 4043 898 4101 simul
909 4043 962 4100 Dei
973 4060 1108 4116 responsa
1121 4043 1267 4116 gentium·

169 4144 222 4198 que
242 4127 382 4198 promissa
402 4127 503 4202 quibus
527 4127 666 4183 instarent
684 4125 859 4199 temporibus
882 4123 1014 4180 ostendit.
1057 4120 1154 4198 Atque
1175 4141 1212 4180 ex
1233 4141 1268 4180 eo

168 4207 346 4278 proditurum
360 4227 422 4264 esse
438 4207 533 4264 docuit
548 4225 620 4271 eum,
636 4205 684 4279 qui
703 4213 778 4262 esset
799 4203 930 4260 omnibus
951 4201 1084 4278 gentibus
1104 4203 1268 4276 cunctisque

169 4287 297 4344 tribubus
319 4295 402 4345 terrae
426 4287 525 4344 similis
549 4287 602 4361 ipsi
625 4286 768 4342 Abraham
793 4284 997 4342 benedictionis
1021 4283 1124 4340 author
1147 4283 1267 4339 futurus.

211 4401 277 4440 voh.
293 4402 328 4440 11.
696 4399 714 4436 R
729 4400 744 4437 θ
