3130 4722
417 257 644 324 DEMONST.
668 258 839 323 EVANG.
864 258 958 323 VIII.
979 279 1005 322 1.
1222 261 1284 326 753

183 417 291 496 orituri
319 420 518 518 δηλωτικὸν
545 419 597 519 τὸ,
617 421 793 504 ἀναπεσὼν
824 421 1026 529 θὲκοιμήθνς,
1045 425 1090 508 ἀς
1114 419 1194 502 λέων
1224 429 1284 501 καὶ

184 545 229 626 ὡς
247 540 406 647 σκθμνος,
423 544 467 650 ἐξ
482 545 583 628 έθους
609 551 673 646 τῆς
695 553 839 655 γραφῆς
864 546 956 628 κατά
982 581 1017 628 τι
1044 553 1170 626 οἰκεῖον
1197 546 1284 626 θεῶ-

184 699 282 768 ρηρα
300 665 363 746 τὸν
382 664 536 756 θάνατον
554 673 612 750 καὶ
636 674 693 751 ε’πὶ
710 673 846 775 μυρίων
865 673 991 752 ἀλλων
1010 673 1176 771 κοίμησον
1194 673 1284 750 ἀπο·
1340 743 1345 750 .

146 815 178 866 6⁶
186 791 380 892 καλούσης.
439 793 494 874 Τὸ
518 793 566 892 δὲ,
585 796 635 880 τίς
663 797 768 904 ἐγερεῖ
792 797 897 892 αὑτλν,
915 800 997 900 περὶ
1013 801 1077 896 τῆς
1095 799 1132 875 ἐκ
1151 801 1283 896 νεκρῶν
1294 831 1324 867 νο

184 917 419 1002 ἀναστάσεως
444 921 552 1001 αὑτοῦ
581 927 831 1021 θαυμαστικῶς
853 922 996 1026 εἴρηται.
1055 918 1278 1023 Ἐγερθνγσό·

184 1077 291 1142 μενον
307 1042 379 1145 γάρ
398 1042 507 1123 αὐτὸν
524 1051 657 1150 σαφῶς
675 1044 768 1127 οἶδεν
786 1050 807 1127 ὃ
821 1048 986 1156 φάσκων,
997 1050 1047 1135 τίς
1061 1050 1165 1155 ἐγερεῖ
1177 1045 1307 1127 αὐτίκα

185 1174 452 1268 Θαυμαστινιῶς
476 1169 513 1249 δέ
537 1172 691 1272 ἐπιλέγει
709 1173 761 1270 τὸ,
780 1176 833 1259 τίς
851 1173 920 1278 ἀρα
947 1175 967 1254 ὁ
991 1181 1097 1253 τοῦτο
1120 1173 1284 1271 ποιήσων

185 1298 242 1374 καὶ
259 1295 479 1396 ἀναστήσων
497 1295 616 1394 αὐτὸν,
633 1299 725 1398 ἡμᾶς
743 1302 800 1380 ἐπὶ
824 1300 866 1380 τὸ
894 1299 1008 1402 ζητεῖν
1034 1299 1212 1400 διεγείρων
1229 1299 1283 1380 τίς

185 1417 230 1498 ἀν
248 1420 300 1520 εἴη
320 1423 340 1500 ὁ
358 1419 421 1501 τὸν
442 1421 576 1525 Κύριον
595 1424 695 1523 ἡμῶν
712 1424 776 1504 τὸν
794 1422 882 1527 ὑπὲρ
901 1425 1001 1524 ἡμῶν
1019 1421 1173 1503 θάνατον
1191 1424 1305 1504 ἀνα-ι

147 1563 178 1628 ⁶7
186 1545 377 1652 δεξάμενον
394 1549 433 1626 έκ
452 1555 586 1650 νεκρῶν
604 1547 835 1649 ἀναστήσων.
891 1551 959 1632 Τίς
976 1550 1006 1629 δ’
1027 1546 1072 1628 ἀν
1089 1547 1141 1646 εἴη
1157 1547 1283 1642 ἀλλος,

184 1669 207 1772 ἦ
226 1675 246 1753 ὁ
264 1680 337 1752 τῶν
355 1672 452 1752 ὅλων
470 1671 564 1757 θεὸς
581 1677 640 1754 καὶ
657 1675 777 1777 πατὴρ
796 1677 915 1772 αὐτοῦ,
934 1671 963 1782 ᾧ
981 1675 1079 1783 μόνῳ
1097 1674 1284 1754 ἀναθετέον

185 1797 251 1898 τὴν
269 1808 334 1879 τοῦ
354 1803 521 1902 Σωτῆρος
543 1800 643 1898 ἡμῶν
662 1797 876 1898 ἀνάστασιν,
894 1800 985 1881 κατά
1010 1800 1076 1901 τὴν
1101 1800 1284 1902 λέγουσαν

185 1922 342 2030 γραφὴν,
369 1927 401 2007 ‘ir
429 1935 444 2005 ὁ
473 1923 586 2030 σωτήρ
614 1923 733 2031 ἤγειρεν
764 1929 803 2007 ἑνι
836 1926 970 2036 νεκρῶνς
1008 1927 1111 2007 ’Arri
1140 1927 1283 2024 δέτοῶ,

185 2051 331 2155 σκύμνος
353 2049 478 2136 λέοντος
496 2045 616 2148 ’intirim
635 2053 673 2131 ε’νι
696 2053 857 2144 βλυστῶ
881 2049 932 2130 υἱέ
953 2087 1019 2156 μου
1042 2049 1172 2149 ἀνέβής,
1191 2059 1277 2132 ἀνιο-
1290 2053 1324 2166 21⁰

185 2173 296 2256 σετάνν
324 2174 504 2281 ἐκοιμήθης,
532 2176 828 2282 ε’μφαντικῶτατα
856 2179 876 2257 ὁ
903 2175 969 2272 μὲν
992 2176 1150 2262 Ἀκύλας
1178 2179 1283 2284 φησὶ,

185 2302 325 2409 σκύλαξ
342 2300 466 2388 λέοντος
484 2298 605 2400 Ἰιθθοα
620 2303 691 2384 ἀντὶ
711 2304 873 2388 ἀλῶσιωτ
892 2303 944 2384 υἱέ
954 2341 1020 2409 μου
1038 2301 1168 2401 ἀνέβης,
1185 2309 1280 2408 κάμ-

149 2419 271 2534 οιφιις
289 2426 503 2522 κυτενιλίθης.
561 2431 610 2507 ‘O
629 2428 667 2508 δέ
693 2428 888 2533 Σθμμαχάς
907 2436 1012 2535 φησι,
1031 2428 1177 2535 σκύμνος
1196 2427 1285 2510 λῶν-

186 2589 241 2638 τος
275 2548 395 2650 Ἰοθάοι,
432 2555 471 2634 ἔνι
509 2551 735 2658 θηριαλῶσεωε
772 2550 825 2634 υἱέ
853 2591 918 2660 μου
957 2552 1086 2650 ἀνῖβής,
1124 2554 1305 2642 ὄκλάσοιςε

186 2673 353 2783 ήθράσθννς·
404 2681 446 2756 δι’
487 2675 537 2757 ὧν
578 2685 709 2785 σαφῶς
750 2678 968 2781 παρίσταται
1009 2680 1031 2777 ἡ
1073 2682 1112 2757 ἐκ
1152 2686 1285 2781 νεκρῶν

185 2801 395 2900 ἀνάστασις,
420 2806 479 2883 καὶ
511 2804 533 2901 ἡ
565 2805 609 2910 ἐξ
637 2803 735 2911 ᾅδου,
763 2802 888 2906 ὥσπερ
915 2805 954 2883 έκ
983 2836 1077 2887 τινος
1106 2803 1284 2906 θηριαλῶ-

634 2974 650 3007 ⁰
663 2966 783 3036 ἐκοιμήθη
798 2968 827 3022 S.

184 3087 299 3151 catulus,
314 3104 349 3144 ex
371 3087 492 3161 quadam
513 3087 602 3162 ipaiua
622 3087 768 3162 scripturae
788 3087 1000 3155 consuetudine,
1016 3107 1078 3163 quae
1098 3106 1149 3145 aua
1162 3087 1283 3163 quadam

183 3167 296 3241 propriu
316 3166 542 3224 consideratione
562 3167 648 3224 etiam
670 3167 747 3224 mille
767 3167 829 3224 aliia
850 3168 879 3224 iu
900 3168 970 3225 locis
991 3177 1112 3226 mortem
1135 3169 1281 3226 dormitio-

183 3265 249 3304 nem
275 3265 462 3322 somnumque
483 3246 615 3322 appellat.
657 3246 733 3303 Illud
753 3255 857 3316 autem,
875 3247 942 3312 Quia
961 3249 1090 3306 excitabit
1110 3250 1228 3323 iprum?
1248 3250 1283 3307 de

183 3327 277 3384 reditu
290 3329 352 3402 ajua
366 3345 383 3383 a
396 3335 488 3384 morte
502 3326 538 3384 ad
552 3327 638 3383 vitam
653 3326 914 3384 cumadmiratione
928 3328 1099 3385 dictumest.
1137 3327 1283 3403 Siquidem

183 3406 364 3464 excitandum
379 3408 415 3464 ad
430 3407 517 3464 vitum
530 3407 609 3463 illum
624 3407 706 3481 plane
720 3408 808 3474 novit,
823 3407 871 3481 qui
885 3408 934 3472 ait,
946 3407 1014 3472 Quia
1027 3407 1156 3465 eneitobit
1167 3409 1283 3482 ήνςυνννθ

183 3505 247 3544 cum
269 3487 456 3544 admiratione
476 3506 546 3544 vero
569 3487 737 3562 interrogat,
760 3487 888 3562 quianam
911 3487 968 3544 hoo
989 3487 1114 3544 facturus
1138 3486 1175 3543 eit
1199 3495 1283 3561 atque

182 3565 263 3623 Illum
277 3567 460 3632 excitaturus,
473 3574 506 3624 ut
520 3567 560 3624 aio
574 3585 629 3623 noa
641 3567 678 3623 ud
692 3567 874 3641 querendum
895 3567 1003 3631 invitet,
1018 3566 1146 3640 quianam
1167 3565 1215 3622 hio
1235 3566 1281 3631 sit,

183 3645 231 3722 qui
241 3646 396 3703 DomInum
410 3655 540 3704 nostrum
554 3653 620 3722 post
634 3655 794 3721 susceptam
808 3665 862 3722 pro
875 3647 958 3704 nobis
972 3654 1093 3703 mortem
1108 3665 1126 3703 a
1139 3653 1231 3702 morte
1245 3647 1283 3704 sit

182 3733 366 3784 revocaturus
386 3727 423 3783 nd
436 3727 533 3783 vitam.
573 3726 646 3795 Quia
666 3745 752 3801 porro
773 3726 820 3783 hio
834 3727 870 3784 ait
884 3727 955 3784 aliua
969 3743 1053 3800 quam
1066 3725 1190 3782 universi
1204 3726 1282 3782 Deua

183 3813 212 3864 et
228 3806 304 3862 illine
322 3805 410 3880 ipaiua
428 3813 519 3881 pater,
533 3806 579 3863 cui
593 3807 644 3862 soli
658 3806 809 3864 tribuenda
822 3815 866 3864 eat
881 3806 1036 3864 Salvatoria
1050 3805 1140 3863 noatri
1154 3805 1182 3862 iu
1194 3806 1282 3862 vitum

182 3886 334 3950 restitutio,
346 3886 419 3944 sieut
433 3887 573 3961 scriptura
586 3886 762 3952 testificatur,
774 3905 837 3961 quaa
851 3887 899 3952 ait,
917 3887 1001 3951 Quem
1013 3893 1094 3960 puter
1106 3888 1250 3944 auscitanit
1263 3906 1282 3943 ο
1325 3905 1333 3933 ¹

182 3967 324 4023 mortuis?
351 3966 407 4023 Pro
431 3966 480 4023 illo
504 3974 609 4031 autem,
635 3966 752 4023 Certatur
775 3967 858 4023 leonia
881 3968 963 4033 Iuda,
987 3967 1019 4023 de
1037 3968 1160 4042 qermiue
1174 3967 1223 4041 fiii
1245 3970 1282 4024 mi
1325 3957 1385 3995 '’¹⁰'

182 4046 336 4110 ωοοννθὶοιί,
359 4047 514 4104 recumbens
535 4048 694 4111 domuisti,
716 4046 921 4121 significantius
937 4047 1041 4121 Aquilo
1061 4047 1211 4116 convertit,
1227 4048 1282 4105 Cu·

184 4127 256 4182 talari
271 4127 354 4182 leonia
366 4128 450 4190 Iuda,
465 4126 627 4201 decuplum
636 4127 686 4201 fili
699 4129 737 4182 mi
749 4129 901 4191 arcendirti,
917 4145 998 4200 quam
1009 4127 1137 4204 staterae
1156 4127 1281 4184 rubuisti

183 4203 373 4280 Symmachus
394 4217 499 4272 autem,
517 4205 855 4280 Catulus,inquit‚1eouu
873 4207 955 4272 Jmtn,
971 4209 1004 4263 de
1016 4207 1145 4281 serarum
1166 4214 1283 4281 captura

177 4287 225 4359 fili
239 4287 276 4340 mi
289 4287 443 4351 ascendisti,
457 4285 573 4360 quiribus
584 4284 672 4364 Ιθοοῖς
693 4287 866 4360 confirmatur
880 4305 928 4342 ea:
951 4303 986 4343 ex
1002 4287 1102 4360 quibua
1116 4287 1208 4343 verbis
1223 4286 1282 4359 pla-

224 4397 292 4436 νον..
309 4399 344 4437 11.
767 4401 786 4436 u
803 4381 822 4435 h
