3132 4714
60 249 167 316 -na
424 228 651 294 nnnonsn.
676 227 844 294 nvnnu.
870 229 951 292 vn.
966 249 991 291 1.
1213 228 1279 298 eno

177 400 283 479 έδωκε
311 406 468 494 βασιλεῖ,
491 396 520 506 ᾧ
547 401 606 477 καὶ
633 396 740 476 είσέτι
768 405 831 476 νῦν
853 394 1073 500 τυγχάνουσι
1097 398 1272 475 δεδουλω-

129 527 287 624 nandum.
346 524 479 623 Ἀνέβη
501 531 589 626 γοῦν
607 524 710 605 οὗτος
734 523 792 604 ε’πὶ
815 528 940 602 πᾶσαν
958 519 1131 626 φάραγγα
1150 522 1319 617 αὐτῶν,Ρ·
1332 541 1395 608 335

178 656 234 732 καὶ
252 654 312 732 ἐπὶ
328 657 401 730 πᾶν
419 655 535 753 τεῖχος
552 649 679 743 αὐτῶν,
694 651 752 728 καὶ
770 651 917 754 ἀφεῖλεν
935 644 1007 728 ἀπὸ
1025 651 1089 736 τῆς
1106 647 1278 728 Ἰουδαίας

177 776 297 857 ποίντα
314 777 472 880 ἄρχοντα
490 777 549 854 καί
570 774 739 870 βασιλέα,
760 773 915 880 κεφαλῆι
933 770 1200 874 ὀνομαζόμενον,
1219 775 1278 851 καὶ

177 901 297 986 πάντα
315 903 465 984 δυνατὸν
483 901 777 984 συντελέσασθαί
801 928 850 979 τι·
879 897 974 979 ὥστε
998 902 1042 1006 ἐξ
1064 901 1195 978 ἐκείνου
1219 902 1300 984 auis

177 1038 224 1114 εὶς
254 1036 358 1134 δεῦρο
387 1029 476 1130 μήτε
507 1027 671 1134 κεφαλὴν
698 1024 825 1110 αὐτοὺς
852 1031 1056 1124 κεκτῆσθαι,
1081 1024 1170 1125 μήτε
1199 1025 1279 1105 τινὰ

178 1157 329 1238 δυνατὸν
351 1160 389 1237 έν
410 1163 483 1241 τοῖς
508 1157 623 1253 θείοις,
642 1153 713 1238 οἷος
742 1152 787 1254 ἦν
816 1155 837 1232 ὃ
864 1151 980 1234 πιίλαι
1010 1156 1213 1253 διαπρέπων
1241 1156 1279 1231 ἐν

180 1285 308 1377 αὐτοῖς,
327 1284 395 1363 εἴτε
419 1280 618 1388 προφήτης,
637 1281 704 1360 ε’ίτε
730 1281 855 1364 ἅΙθιως
881 1282 1013 1362 δίκαιος
1030 1281 1088 1358 καὶ
1107 1277 1279 1385 θεοφιλὴς

132 1410 282 1514 ιτοὰνὴρ.
344 1409 537 1510 Πρόδηλον
563 1406 602 1486 δὲ
634 1405 730 1492 ὅπως
757 1410 819 1486 ,καὶ
846 1411 951 1485 πᾶσα
980 1405 1096 1484 αὐτῶν
1125 1405 1148 1502 ἡ
1178 1405 1278 1508 χώρα
1290 1437 1319 1472 ¹0

183 1539 378 1642 ίατοχείριος
402 1543 475 1620 τοῖς
499 1536 617 1614 αὐτῶν
634 1535 773 1637 ἐχθροῖς
797 1535 855 1612 καὶ
881 1533 1065 1629 πολεμίοις
1083 1532 1190 1611 εἰσέτι
1216 1539 1308 1610 νῦνο

182 1665 387 1763 eademqne,
407 1665 465 1742 καὶ
490 1665 537 1745 ὡς
561 1668 674 1740 ταῦτα
701 1657 820 1740 πάντα
847 1661 905 1738 ἐπὶ
933 1663 978 1761 τῇ
1007 1656 1188 1766 παρουσίᾳ
1215 1667 1279 1737 τοῦ

182 1789 415 1889 Ἐμμανουὴλ
432 1787 649 1868 τετέλεσται.
683 1788 792 1866 Οὕτω
810 1795 898 1889 γοῦν
916 1787 938 1883 ἡ
956 1785 1137 1887 Ἑβραίων
1154 1783 1280 1888 γραφὴ

182 1916 343 2021 περιέχει,
376 1919 564 2018 μονονουχὶ
595 1913 824 2012 σημαίνουσα
856 1910 923 1992 τὸνΙ
950 1910 1185 2011 Ἐμμανουήλ
1216 1911 1281 1991 τὸν

183 2041 423 2141 ἀπιστηθέντα
448 2041 512 2140 μέν
535 2037 604 2118 ὑπὸ
623 2039 803 2120 Ἰουδαίων
827 2040 907 2117 ”nni
932 2038 1043 2116 αίτιον
1066 2040 1183 2118 αὐτοῖς
1207 2045 1302 2120 τῶνε

182 2168 365 2248 τοσούτων
397 2166 586 2269 γενόμενον
618 2172 828 2270 συμφορῶν,
859 2167 942 2263 ἡμῖν
976 2163 1013 2244 δέ
1051 2171 1125 2247 τοῖς
1162 2164 1281 2243 ε”θνεσι

183 2296 417 2375 πιστευθέντα
445 2293 624 2396 σωτηρίας
646 2325 685 2372 τε
710 2294 768 2370 καὶ
792 2290 962 2392 γνώσεως
981 2296 1075 2369 Θεοῦ
1094 2291 1280 2391 παραίτιον

137 2461 177 2508 130
185 2420 447 2524 ἀποδειχθέντα.
507 2417 576 2498 Διὸ
600 2419 684 2526 ἑξῆς
713 2418 923 2518 ε’πιλέγεται,
942 2417 1017 2521 μεθ’
1038 2415 1126 2520 ἡμῖν
1149 2425 1163 2496 ὁ
1184 2417 1280 2511 Θέις,

184 2548 284 2648 γινῖτι
316 2547 378 2639 lla»,
412 2555 470 2626 uni
501 2543 652 2639 »leucinde
708 2541 918 2642 Ἡττήμεθα
944 2551 1032 2641 γοῦν
1060 2545 1108 2625 ὡς
1137 2545 1281 2638 ἀληθῶς
1294 2577 1323 2611 ιο
1377 2637 1379 2640 ¹

186 2675 280 2773 ἡμεῖς
310 2679 342 2752 οἱ
372 2675 416 2779 ἐξ
441 2675 552 2752 ἐθνῶν
577 2678 624 2753 είς
652 2668 758 2750 αὐτὸν
779 2665 1065 2757 πεπιστευκότες,
1086 2667 1281 2764 νικηθέντες

645 2860 660 2890 ¹²
674 2849 715 2906 καί
729 2869 781 2906 om.
798 2853 825 2904 S.

186 3006 229 3062 cui
250 3005 364 3080 quidem
386 3005 469 3060 etiam
487 3023 563 3060 nunc
580 3003 684 3060 addicti
705 3004 841 3060 serviunt.
883 3001 1021 3058 Ascendit
1039 3000 1125 3076 igitur
1139 2999 1185 3056 hic
1200 3017 1284 3072 snper

186 3105 299 3142 omnem
314 3085 469 3141 convallem
484 3085 609 3159 ipsorum
629 3093 658 3141 et
679 3101 763 3159 super
777 3101 891 3140 omnem
912 3101 1023 3139 murum
1037 3083 1173 3157 ipsorum,
1190 3087 1219 3136 et
1233 3079 1281 3136 ab·

186 3167 264 3223 ntulit
278 3166 315 3222 de
327 3165 427 3222 Judaea
441 3183 555 3221 omnem
576 3164 730 3239 principem
750 3183 783 3220 ac
799 3182 907 3238 regem,
923 3164 970 3238 qui
990 3164 1045 3220 hoe
1067 3162 1096 3219 in
1116 3162 1180 3219 locu
1201 3169 1283 3236 capnt

186 3247 359 3311 nominatur,
381 3255 410 3302 et
427 3264 541 3301 omnem
565 3254 720 3318 potentem,
742 3245 789 3318 qui
813 3245 918 3321 aliquid
941 3243 1108 3300 conficeret:
1132 3243 1227 3317 ituque
1248 3259 1284 3298 ex

186 3326 234 3382 illo
247 3327 278 3382 in
292 3327 369 3382 hunc
383 3343 471 3398 usque
486 3326 560 3382 diem
572 3325 612 3381 illi
625 3344 717 3400 neque
732 3325 819 3380 ullum
833 3334 918 3400 caput
932 3325 1047 3386 habent,
1059 3341 1151 3397 neque
1162 3323 1285 3395 aliquem

187 3406 215 3462 in
235 3405 337 3462 divinis
357 3415 512 3481 potentem,
527 3407 616 3480 quelle
637 3406 778 3479 quondam
797 3413 857 3462 erat
877 3405 924 3478 qui
940 3403 996 3459 illie
1017 3410 1213 3458 ornamentum
1236 3401 1285 3457 de·

188 3505 292 3561 cneque
307 3486 438 3548 addebat.
454 3487 514 3542 aive
528 3485 677 3562 propheta,
688 3486 747 3541 eive
761 3485 866 3558 alioqui
877 3485 971 3557 juetue
981 3483 1098 3555 Deoque
1113 3481 1220 3537 amicus
1231 3481 1284 3538 vir.

189 3565 311 3624 Constet
331 3575 427 3622 autem
450 3565 521 3622 illud
542 3584 661 3640 quoque,
682 3564 919 3640 quemadmodum
942 3561 1035 3618 omnie
1057 3563 1182 3635 ipsorum
1205 3560 1286 3634 regio

189 3647 308 3704 inimicia
322 3646 507 3720 hostibusque
526 3647 651 3720 ipsorum
668 3646 797 3719 subjecta
815 3645 844 3701 in
865 3645 941 3700 hunc
961 3661 1050 3716 nsque
1069 3641 1142 3697 diem
1158 3649 1285 3705 vexetur,

188 3739 217 3783 et
235 3728 298 3784 haee
320 3728 453 3784 universa
476 3727 505 3783 in
526 3727 613 3800 ipsius
632 3725 801 3782 Emmanuel
825 3726 948 3782 adventu
969 3742 1051 3780 auum
1076 3723 1161 3777 finem
1187 3720 1287 3776 sortita

189 3808 253 3863 nint.
298 3807 363 3864 lloo
385 3807 475 3881 ipsum
501 3825 569 3863 aene
591 3807 776 3863 Hebraeorum
798 3807 904 3880 scripta
922 3804 1079 3868 continent,
1100 3819 1162 3876 quoe
1184 3818 1285 3875 prope-

190 3887 305 3944 modum
327 3888 488 3963 eignificant
508 3887 599 3961 ipsum
621 3885 799 3950 Emmanuel,
817 3887 862 3942 cui
883 3884 998 3942 credere
1019 3883 1170 3940 noluerunt
1184 3880 1286 3946 Judaei,

190 3967 338 4024 authorem
353 3967 408 4023 illis
423 3975 565 4024 tantarum
579 3967 771 4023 calamitatum
786 3967 923 4031 extitisse,
939 3964 1020 4021 nobie
1039 3972 1133 4020 autem
1154 3958 1287 4038 gentibue

191 4067 253 4122 qnte
267 4049 307 4104 illi
320 4048 491 4105 credidimus
504 4056 534 4103 et
548 4046 667 4103 salutem
682 4057 711 4103 et
723 4047 776 4102 Dei
790 4047 930 4110 notitiam,
945 4053 976 4100 ut
987 4046 1047 4118 jam
1062 4044 1287 4100 demonstratum

190 4136 242 4192 eet,
257 4128 395 4185 attulisse.
428 4130 525 4197 Quare
540 4128 672 4201 deinceps
686 4126 858 4201 adjungitur,
875 4125 1018 4181 Nobiscum
1035 4125 1123 4188 Deua,
1139 4124 1288 4196 τοριιοιείιι

189 4217 279 4282 σταται
299 4217 326 4264 ει
344 4209 491 4266 οὶαοίυιίοί.
535 4208 679 4281 Siquidem
699 4224 751 4262 noa
772 4224 808 4262 ex
828 4205 961 4280 gentibue
974 4205 1042 4260 victi
1056 4221 1152 4259 sumus
1166 4219 1197 4257 re
1210 4219 1286 4263 vera,

192 4288 237 4362 qui
257 4289 311 4363 ipsi
333 4289 444 4346 veritati
469 4297 497 4344 et
522 4288 623 4344 stantis
644 4286 792 4343 nobiscum
812 4286 865 4342 Dei
885 4285 982 4341 virtuti
1001 4283 1134 4339 cedentes
1156 4281 1185 4336 in
1209 4280 1288 4336 illum
