3130 4722
258 261 322 325 738
734 261 920 326 EUSEBII
1339 277 1370 338 P·
1385 269 1449 338 371
1466 287 1511 302 ’-

257 416 328 517 γὰρ
346 415 412 515 τὴν
430 427 493 496 τοῦ
513 419 727 517 Σολόμωνος
744 419 912 518 τελευτὴν
932 419 1163 520 διαιρεθέντος
1181 427 1245 497 τοῦ
1262 450 1358 496 παν-

258 540 318 625 τὸς
348 541 470 626 έθνους
502 545 547 649 ἐξ
565 545 693 648 Ἰούδα,
721 554 786 625 τοῦ
819 548 941 639 Δαβὶδ
974 543 1132 649 διάδοχοι
1164 551 1281 647 τριῶν,
1311 548 1387 626 drus

259 665 360 770 έφην,
379 667 451 745 οὐδ’
468 667 565 747 ὅλων
583 676 712 774 φυλῶν
730 671 788 749 ἐπὶ
805 675 869 769 τῆς
887 668 1128 771 Ἰερουσαλὴμ
1145 669 1362 762 ἐβασίλευον

220 839 248 886 31
258 793 362 896 μέχρι
380 797 443 891 πῆς
461 799 510 877 είς
529 799 734 888 Βαβυλῶνα
753 794 1015 899 αἰχμαλωσίας.
1067 795 1157 872 Κατ’
1178 791 1305 875 αύτούς
1322 792 1362 872 δέ

259 918 423 1000 ιτούτους
452 920 510 998 ἐπὶ
536 924 600 1018 πῆς
629 922 830 1022 Σαμαρείας
857 921 950 998 οὕτω
975 917 1194 1017 καλουμένης
1220 915 1361 1001 πόλεως
1557 1019 1558 1024 ¹

259 1051 332 1123 τῶν
349 1045 449 1123 ἐννέα
467 1051 595 1150 φυλῶν
614 1043 802 1144 ἡγούμενα
825 1045 890 1122 ούκ
915 1043 959 1149 ἐξ
973 1042 1092 1122 Ἰούδα
1115 1043 1201 1121 ἀλλ’
1219 1043 1264 1147 ἐξ
1283 1043 1358 1122 ἑτέ·
1374 1079 1409 1114 ιο
1554 1059 1558 1120 l

260 1205 334 1273 ρων
352 1177 481 1276 φυλῶν
499 1172 610 1273 ἕτεροι
628 1167 845 1265 διετέλεσαν,
865 1165 937 1247 ”niv
955 1175 1096 1270 πρῶτος
1110 1166 1156 1266 ἦν
1173 1167 1392 1269 Ἰεροβοὰμο

261 1299 300 1376 ἐκ
318 1301 437 1402 φυλῆς
448 1296 619 1402 Ἐφραίμ,
635 1300 693 1374 καὶ
711 1299 744 1374 oi
762 1295 915 1399 καθεξῆς
932 1293 1024 1392 μετὰ
1041 1302 1178 1391 τοῦτον,
1194 1297 1241 1377 ὡς
1259 1293 1309 1392 μὴ
1329 1295 1359 1371 δ

261 1425 298 1502 ἐν
316 1429 389 1507 τοῖς
406 1419 542 1528 μεταξύ
559 1417 700 1525 χρόνοις
716 1428 790 1504 τοῖς
809 1419 880 1500 ἀπὸ
899 1423 1021 1515 Δαβὶδ
1043 1423 1098 1499 ε’πὶ
1124 1418 1190 1518 τῆν
1214 1426 1262 1502 είς
1282 1425 1361 1498 Βα-

260 1531 410 1641 βυλῶνα
432 1545 686 1650 αἰχμαλωσίαν
709 1544 790 1628 τοὺς
807 1548 846 1624 ἐκ
864 1549 984 1650 φυλῆς
1001 1542 1119 1624 Ἰούδα
1141 1552 1205 1623 τοῦ
1228 1544 1364 1626 παντὸς

223 1713 251 1759 μ
261 1673 382 1755 ἔθνους
408 1670 630 1773 ῆγῆσασθαι.
689 1674 741 1752 Τί
768 1677 823 1752 δεῖ
851 1671 969 1772 λέγειν
1001 1674 1049 1754 ὡς
1077 1669 1168 1768 μετὰ
1195 1667 1262 1768 τῆν
1289 1666 1386 1748 oirrds

262 1804 481 1892 Βαβυλῶνος
512 1795 685 1878 ἐπάνοδον
721 1799 820 1880 αὖθις
854 1795 941 1899 ύπέρ
972 1797 1018 1876 τὰ
1049 1793 1268 1876 πεντακόσια
1300 1797 1361 1895 ἐτη

259 1923 362 2026 μέχρι
390 1927 454 2022 τῆς
480 1932 545 2002 τοῦ
573 1929 738 2025 Χριστοῦ
766 1924 940 2024 γενέσεως
967 1923 1173 2002 διετέλεσαν
1199 1925 1363 2028 πολιτείᾳ

260 2051 435 2152 χρώμενοι
460 2053 748 2154 ἀριστοκρατικῇ,
767 2056 840 2128 τῶν
857 2048 943 2148 ’μέν
962 2046 1053 2128 κατὰ
1071 2045 1220 2152 χρόνους
1238 2051 1359 2152 ἀρχιε-

260 2175 349 2276 ρέων
366 2175 569 2274 ἡγουμένων
587 2183 651 2254 τοῦ
670 2175 802 2272 ἔθνους,
816 2175 957 2259 ούδενὸς
975 2173 1013 2254 δέ
1033 2178 1071 2255 ἐκ
1088 2181 1152 2274 τῆς
1165 2183 1229 2255 τοῦ
1244 2175 1363 2253 Ἰούδα
1377 2212 1408 2245 ιο

262 2304 381 2405 φυλῆς
396 2333 406 2396 ;
432 2299 550 2379 Ὥστε
569 2301 613 2405 ἐξ
628 2298 797 2379 ἁπάντων
813 2301 948 2380 τούτων
964 2301 1225 2403 παρίστασθαι,
1238 2299 1287 2399 μῆ
1306 2301 1363 2380 ἐπὶ

261 2424 325 2504 τὸν
352 2431 494 2526 πρῶτον
523 2428 653 2504 ἐκεῖνον
681 2426 794 2528 ἄνδρα
821 2424 885 2506 τὸν
906 2428 1054 2523 Ἰούδαν,
1072 2426 1123 2526 μῆ
1141 2425 1180 2506 δέ
1205 2429 1261 2506 ἐπὶ
1279 2422 1363 2510 τοὺς

263 2549 447 2654 διαδόχους
476 2553 584 2630 αύτοῦ
616 2553 861 2656 ἀναφέρεσθαι
889 2551 931 2632 τό
962 2553 1107 2657 φάσκον
1138 2553 1274 2654 λόγιον,
1304 2558 1394 2632 ούιιδ

264 2673 422 2785 ἐκλείψει
452 2675 561 2785 ι’ίρχυν
592 2678 627 2784 ἐξ
650 2674 772 2768 Ἰούδα,
804 2676 875 2759 οὐδὲ
903 2678 1076 2784 ῆγούμενος
1104 2682 1143 2759 εἰι
1171 2679 1232 2758 rtis
1259 2678 1363 2784 μηρῶι

265 2807 375 2895 αὐτοῦ,
395 2805 512 2903 μόνως
531 2807 560 2885 δ’
581 2804 625 2883 ἂν
644 2805 801 2906 συσταίη
820 2804 867 2883 τὰ
889 2806 980 2885 κατὰ
997 2803 1061 2885 τόν
1077 2804 1198 2901 τόπον,
1217 2809 1246 2883 εί
1272 2803 1385 2889 κατδις

359 2965 427 3018 tr'rri
439 2963 554 3039 τούτοις]
572 2964 680 3022 τούτους
695 2967 725 3020 Ρ.
809 2975 824 3006 ¹¹
838 2961 874 3020 eir
887 2985 940 3020 om.
958 2967 988 3020 P.
1072 2975 1087 3006 ¹
1100 2967 1148 3036 μέν
1161 2983 1216 3022 om.
1233 2967 1260 3019 S.

265 3100 364 3157 verint.
407 3097 485 3155 Nam
506 3110 571 3174 post
593 3111 714 3158 mortem
735 3101 908 3166 Solomonia,
934 3120 1020 3175 quum
1044 3109 1106 3158 tota
1133 3119 1206 3176 gena
1232 3101 1267 3158 ab
1288 3101 1364 3158 Juda

266 3179 355 3235 divisa
364 3178 458 3244 suerit,
473 3179 560 3254 ipsius
575 3181 666 3237 David
680 3200 857 3238 successores
871 3181 966 3246 trium,
982 3189 1014 3237 nt
1028 3181 1166 3246 dicebam,
1182 3181 1315 3245 tribuum,
1330 3201 1365 3238 ae

265 3278 301 3315 ne
322 3259 423 3315 harum
444 3261 557 3334 quidem
578 3261 730 3318 solidarum
751 3262 781 3318 in
796 3261 975 3318 Hierusalem
992 3279 1075 3336 reges
1090 3261 1205 3317 suerunt
1219 3280 1306 3336 usque
1327 3262 1364 3318 ad

266 3339 467 3415 Babylonicum
480 3341 597 3398 cladem.
620 3341 725 3398 Iisdem
736 3360 804 3398 vero
817 3341 992 3416 temporibus
1005 3341 1035 3397 in
1050 3341 1164 3398 civitate
1174 3361 1237 3416 quae
1247 3351 1365 3398 vocatur

266 3419 394 3477 Samaria
415 3440 517 3478 novem
538 3422 662 3478 tribuum
682 3423 768 3479 duces
788 3441 846 3478 non
866 3422 901 3478 de
920 3422 995 3479 tribu
1010 3421 1094 3486 Juda,
1110 3421 1160 3477 sed
1181 3441 1214 3477 ex
1236 3421 1296 3477 aliis
1317 3421 1365 3478 alii

266 3501 440 3558 extiterunt:
463 3520 582 3576 quorum
603 3502 711 3576 primus
731 3503 902 3559 Hieroboam
924 3502 987 3565 fuit.
1008 3501 1043 3557 de
1066 3501 1142 3558 tribu
1165 3501 1308 3575 Ephraem,
1331 3520 1389 3558 ao·

266 3581 398 3656 deinceps
419 3583 465 3655 qui
486 3582 562 3638 hunc
586 3582 674 3638 secuti
697 3592 771 3648 suut,
790 3590 821 3638 ut
842 3601 878 3638 ne
897 3582 996 3638 mediis
1019 3581 1132 3655 quidem
1153 3582 1326 3656 temporibus
1347 3601 1366 3638 a

267 3661 361 3717 David
375 3681 463 3736 usque
478 3663 514 3719 ad
528 3673 639 3735 tempus
654 3663 753 3737 quoin
769 3662 944 3739 Babylonem
964 3661 1066 3736 captivi
1081 3662 1158 3718 ducti
1173 3671 1248 3724 sunt.
1264 3661 1313 3717 ulli
1328 3662 1365 3718 de

265 3741 342 3797 tribu
354 3741 430 3798 Juda
443 3742 580 3798 uuiveraoe
594 3743 674 3816 genti
693 3742 863 3817 praefuerint.
905 3743 994 3798 Porro
1013 3750 1108 3798 autem
1125 3742 1192 3815 quid
1214 3741 1365 3798 dicendum

267 3830 318 3887 eat,
344 3823 581 3895 quemadmodum
606 3832 670 3896 post
692 3823 813 3880 reditum
841 3823 876 3878 de
904 3822 1050 3897 Babylone
1077 3839 1174 3877 rursus
1202 3822 1364 3896 quingentis

268 3901 349 3956 annis
371 3903 491 3975 amplius
515 3920 604 3976 usque
628 3902 664 3958 ad
687 3902 794 3959 Christi
819 3911 912 3958 ortum
931 3903 1056 3958 vixerint
1077 3920 1111 3958 eo
1139 3912 1216 3958 statu
1243 3902 1364 3958 civitatis

268 3987 390 4046 utentes,
410 3982 440 4036 in
464 4000 520 4055 quo
549 3983 602 4038 soli
629 3983 779 4056 optimates
807 4001 867 4039 rem
895 3981 1162 4048 administraverint,
1184 3981 1365 4056 pontificibus

269 4059 365 4132 utique
384 4061 437 4115 toti
457 4063 537 4134 genti
558 4063 769 4135 imperantibus,
788 4081 907 4137 quorum
928 4062 1022 4118 nullus
1040 4062 1123 4136 plane
1145 4063 1180 4118 de
1201 4061 1277 4118 tribu
1289 4061 1365 4118 Juda

268 4137 433 4193 oriebatur?
456 4148 487 4194 ut
504 4142 563 4212 jam
585 4159 621 4197 ex
643 4143 687 4198 his
708 4143 838 4199 omnibus
858 4142 978 4217 perspici
999 4141 1098 4216 possit,
1113 4161 1172 4198 non
1188 4142 1223 4198 ad
1242 4141 1365 4215 primum

267 4214 346 4268 illum
360 4214 474 4280 Judam,
490 4236 580 4290 neque
601 4221 638 4274 ad
657 4222 731 4276 illius
752 4241 929 4278 successores
950 4222 1127 4278 referendum
1144 4240 1206 4278 esse
1220 4222 1365 4277 oraculum

267 4290 346 4355 illud,
362 4292 467 4358 dicens,
484 4295 547 4350 Νοα
568 4299 673 4368 deficiet
690 4303 813 4372 princepe
834 4303 867 4356 de
880 4301 966 4365 Iuda,
988 4319 1074 4374 neque
1092 4303 1147 4356 dur
1167 4301 1200 4357 de
1213 4300 1367 4374 semoribus
