3130 4722
247 237 311 301 τιο
716 233 902 298 nusaau
1327 247 1497 320 μψ-

246 431 309 475 τον
331 397 396 495 μὲν
420 397 483 474 οὖν
511 393 699 497 θαυμάζειν
725 395 838 502 ἄξιον,
857 395 954 479 ὅπως
977 397 1113 474 δώδεκα
1137 395 1257 474 οὐσῶν
1275 401 1378 473 τῶνα

247 525 329 624 παρ’
350 523 531 624 Ἑβραίοις
550 528 689 627 φυλῶν,
708 522 752 626 ἐξ
767 521 931 618 οὐδεμίαι·
952 519 1070 617 ἄλλης
1093 515 1115 617 ἢ
1141 517 1213 598 ἀπὸ
1237 518 1348 617 μόνης

247 653 311 745 τῆς
328 649 447 728 Ἰούδα
464 649 487 745 ἡ
509 656 572 728 τοῦ
598 648 720 731 ἔθνους
739 645 848 726 είσέτι
873 655 937 725 νῦν
955 643 1203 747 οἀνηγόρευται
1227 677 1346 746 προσ·

247 776 387 876 ηγορία·
419 776 460 853 οὐ
488 777 530 853 δι’
551 773 670 874 ἕτερον
694 770 717 870 ἢ
744 771 803 850 διὰ
828 770 870 850 τό
895 777 959 870 τῆς
976 773 1195 877 προφητείας
1213 771 1347 873 λόγιον,
1359 815 1373 863 5

246 907 291 1002 τῇ
326 910 389 979 τοῦ
421 900 540 980 ’lorido
573 907 674 1006 φυλῇ
711 898 753 979 τό
789 897 937 1002 ἀρχικὸν
971 899 1155 1002 περίαψαν
1192 898 1345 1004 ἀξίωμα.

209 1024 370 1112 36Ἀλλὰ
389 1030 446 1104 καὶ
465 1025 531 1124 τὴν
556 1025 707 1128 πάτριον
732 1026 848 1103 αὐτῶν
873 1023 995 1127 χώραν
1013 1025 1188 1103 Ἰουδαίαν
1206 1023 1264 1103 διὰ
1282 1023 1349 1122 τὴν

248 1148 357 1248 αὑτὴν
375 1154 637 1230 ἀποκαλεῖσθαι
660 1151 851 1249 συμβαίνει
877 1149 1003 1228 αἰτίαν.
1053 1150 1156 1228 Ἐπεὶ
1180 1151 1275 1228 διατί
1296 1148 1347 1247 μὴ

247 1274 318 1355 ἀπὸ
339 1285 404 1354 τοῦ
422 1277 565 1379 πρώτου
583 1284 654 1356 τῶν
673 1277 819 1372 δώδεκα,
833 1275 929 1376 λε’γω
943 1275 981 1355 δὲ
999 1275 1072 1355 ἀπὸ
1086 1283 1149 1354 τοῦ
1164 1273 1349 1373 ᾶῬουβὶμ,
1360 1323 1392 1356 ιο

246 1398 289 1480 τό
314 1402 414 1487 ἔθνος
438 1404 554 1482 αὐτῶν
577 1403 804 1506 ἐχρημάτισε,
824 1403 936 1480 καίτοι
955 1399 1054 1502 παρὰ
1072 1408 1123 1506 τῷ
1149 1403 1231 1508 θείῳ
1250 1399 1376 1508 νόμιρι·

247 1535 319 1606 τῶν
348 1527 584 1628 πρωτοτόκων
611 1527 875 1626 τετιμημένους
919 1529 1014 1634 διᾳτί
1038 1526 1077 1607 δὲ
1104 1527 1154 1626 μὴ
1185 1527 1258 1606 ἀπὸ
1285 1533 1350 1626 τῆς

247 1661 310 1731 τοῦ
330 1656 425 1750 Λευὶ,
446 1655 535 1751 ὁμοῦ
561 1657 620 1732 καὶ
649 1660 700 1759 τῷ
725 1651 843 1758 χρόνῳ
862 1657 920 1732 καὶ
938 1659 989 1760 τῷ
1006 1657 1070 1751 τῆς
1089 1653 1273 1754 ὶεροσόνης
1291 1687 1345 1731 τι·

246 1777 382 1880 μήματι
400 1778 483 1858 θτόν
501 1779 640 1858 Ἰούδαν
656 1775 949 1884 παρεξάγοντος;
981 1781 1019 1858 τί
1044 1777 1084 1857 δὲ
1109 1781 1186 1884 οὐχὶ
1205 1785 1373 1878 μᾶλλουε

247 1904 319 1986 ἀπό
344 1915 407 1985 τοῦ
424 1904 566 2008 Ἰωσὴφ
584 1905 804 2008 χρηματίσαι
832 1905 969 2004 συνέβη
995 1904 1036 1983 τὸ
1064 1911 1137 1984 πᾶν
1165 1905 1266 1988 ἔθνος
1290 1907 1348 1983 καὶ

246 2031 312 2129 τὴν
329 2031 461 2136 χώραν,
483 2029 601 2110 διὰτὸ
625 2035 683 2109 καὶ
701 2029 817 2110 πάλαι
834 2028 957 2129 πάσης
976 2031 1017 2110 ori
1033 2028 1145 2129 μόνον
1163 2028 1350 2130 Αἰγύπτου

247 2155 347 2234 ἀλλὰ
376 2159 434 2236 καὶ
463 2164 534 2236 τῶν
565 2159 700 2236 οἰκείων
732 2157 774 2236 τὸ
806 2156 935 2258 κράτος
963 2153 1180 2261 ἀνάψασθαι
1211 2163 1348 2253 τοῦτον,

170 2343 172 2346 -
247 2282 328 2365 τούς
346 2316 384 2362 τε
411 2284 454 2388 ἐξ
476 2280 605 2362 θαύτοῦ
629 2283 837 2384 γενομένους
860 2289 1008 2384 μακροῖς
1033 2283 1185 2384 ὕστερον
1209 2280 1350 2384 χρόνοις

247 2410 304 2488 ε’πὶ
329 2416 504 2487 πλεῖστον
529 2409 619 2488 ὅσον
644 2408 741 2488 όλων
765 2407 863 2488 ε’ννέα
881 2415 1010 2512 φυλῶν
1031 2418 1095 2488 τοῦ
1114 2407 1236 2492 ἔθνους
1255 2406 1345 2508 ἡγή-
1362 2443 1394 2477 ¹0

248 2538 397 2627 σασθαι,
413 2534 454 2610 δι’
468 2531 528 2615 οὓς
546 2538 604 2611 καὶ
624 2541 769 2630 μᾶλλον
787 2530 877 2617 είκός
894 2530 939 2630 ἦν
958 2531 1024 2632 τόν
1042 2541 1105 2612 τοῦ
1123 2531 1350 2635 προπάτορος

248 2659 447 2758 ἐπωνυμίαν
465 2659 506 2739 τὸ
524 2667 598 2740 πᾶν
617 2659 716 2742 ἔθνος
734 2663 792 2738 καὶ
814 2656 880 2757 τὴν
897 2659 1020 2763 χώραν
1045 2659 1344 2765 ἐπιγράψασθαι;

291 2847 510 2920 οιίναγοριόετοι]
525 2845 690 2917 ἀνηγόρευται
706 2845 735 2898 Ρ.
846 2839 994 2913 ῑῙῬονβείμ
1009 2846 1041 2900 P.
1153 2847 1239 2917 οτόν]
1256 2849 1302 2900 τοῦ
1317 2847 1346 2900 S.

250 2923 371 3000 Ῑαότῶν]
390 2923 516 3004 αότοῦΞΡ.

250 3078 336 3151 igitur
353 3077 485 3134 admirari
500 3095 591 3150 operae
606 3076 727 3150 pretium
747 3075 840 3140 fuerit,
856 3075 923 3149 quid
937 3077 985 3142 ita,
1002 3097 1087 3151 quum
1102 3096 1147 3133 ιιι
1164 3079 1350 3135 Hebraeorum

251 3158 340 3214 tribus
354 3165 459 3221 essent,
474 3177 492 3213 a
506 3156 583 3213 nulla
596 3157 652 3212 alia
666 3157 719 3212 uisi
734 3157 769 3212 ab
785 3175 841 3212 una
861 3156 948 3230 ipsius
962 3157 981 3213 J
984 3158 1039 3214 uda
1057 3157 1152 3231 gentis
1172 3159 1257 3214 etiam
1274 3177 1351 3214 nune

250 3238 401 3313 appellatio
423 3245 583 3313 usurpetur.
626 3237 712 3306 Quod
736 3255 792 3311 ego
818 3237 931 3311 quidem
954 3256 1012 3294 non
1037 3238 1074 3295 ob
1100 3239 1175 3295 aliud
1197 3238 1351 3312 contigisse

250 3318 380 3384 arbitror,
396 3338 480 3393 quam
501 3319 538 3375 ob
559 3319 646 3393 ipsius
667 3317 822 3392 prophetiae
844 3318 999 3384 oraculum,
1015 3319 1091 3393 quod
1110 3320 1158 3374 uni
1177 3319 1263 3376 tribui
1276 3319 1352 3376 Juda

250 3399 422 3475 principatus
446 3401 614 3476 dignitatem
637 3398 774 3455 attribuit.
817 3397 981 3466 Quinetiam
1005 3399 1097 3474 patria
1123 3400 1248 3474 ipsorum
1275 3409 1352 3455 terra

251 3482 349 3538 eudem
365 3483 399 3539 de
414 3501 499 3538 causa
510 3482 617 3538 Judaeae
632 3478 848 3554 appellationem
867 3479 968 3535 sortita
981 3490 1034 3538 eat.
1078 3480 1138 3536 Cur
1159 3481 1234 3536 euim
1256 3499 1351 3554 quaeso

252 3581 337 3636 quum
353 3581 398 3619 x11
413 3561 527 3627 fuerint,
539 3581 596 3618 uon
612 3562 647 3617 nb
661 3577 758 3617 eorum
773 3558 865 3632 primo
878 3559 977 3616 Ruben
993 3579 1065 3634 gens
1080 3560 1243 3616 eorumdem
1256 3560 1350 3634 appel-

251 3643 309 3700 lata
322 3651 376 3708 est,
392 3663 477 3718 quum
492 3642 648 3717 praesertim
664 3650 732 3696 natu
746 3639 860 3694 maximi
874 3640 999 3712 potiores
1019 3641 1049 3697 iu
1066 3643 1130 3714 lege
1152 3641 1246 3697 divina
1264 3640 1352 3697 habe·

251 3723 370 3780 rentur?
399 3723 460 3780 Cur
482 3741 538 3779 uon
564 3723 633 3778 item
655 3741 672 3776 a
698 3719 777 3782 Levi,
802 3719 850 3791 qui
877 3728 906 3775 et
930 3729 1013 3778 aetate
1036 3731 1065 3777 et
1090 3739 1176 3777 sacrae
1200 3721 1352 3777 functionis

252 3803 360 3860 honore
370 3804 389 3860 J
391 3805 474 3860 udam
490 3801 638 3859 anteibat?
661 3800 757 3868 Quum
768 3817 836 3854 vero
851 3799 903 3872 ipsi
914 3800 1021 3875 Josepb
1035 3802 1178 3876 quondam
1193 3819 1250 3857 non
1265 3801 1352 3856 modo

253 3884 374 3959 AEgypti
389 3883 525 3940 universae
541 3883 688 3939 sedetiam
705 3896 818 3935 suorum
838 3879 987 3954 imperium
1001 3882 1145 3956 obtigerit,
1160 3899 1303 3956 quumque
1316 3883 1352 3937 ab

252 3963 300 4019 illo
328 3964 437 4019 oriundi
462 3963 558 4020 multis
586 3971 651 4036 post
678 3958 787 4018 saeculis
815 3959 862 4015 diu
890 3960 1043 4018 admodum
1071 3963 1141 4019 totis
1167 3963 1228 4036 ejus
1257 3962 1352 4036 gentis

252 4061 356 4100 novem
377 4043 507 4100 tribubus
533 4041 703 4118 prefuerint,
729 4059 779 4096 our
800 4059 857 4095 non
882 4041 918 4096 ab
941 4061 975 4099 eo
997 4043 1177 4118 potissimum
1198 4053 1260 4099 tnta
1280 4061 1352 4117 gens

253 4123 368 4194 ipsaque
386 4123 465 4194 regio
486 4141 591 4179 nomeu
613 4123 730 4196 aceepit,
747 4119 973 4194 quandoquidem
995 4124 1032 4180 ob
1054 4143 1103 4180 eos
1123 4124 1208 4197 ipsos,
1225 4141 1295 4196 quos
1315 4123 1352 4178 ab

252 4200 361 4272 ,loseph
375 4199 509 4255 oriundos
523 4202 655 4269 diximus,
671 4203 757 4274 longe
771 4198 917 4256 honestius
936 4203 1164 4276 probabiliusque
1182 4211 1244 4259 erat
1261 4212 1352 4260 totam

254 4286 370 4350 gentem
389 4285 533 4349 totamque
554 4279 698 4351 regionem
718 4299 735 4334 a
759 4278 849 4350 primo
870 4278 919 4334 illo
940 4283 1064 4355 ipsorum
1086 4291 1203 4357 parente
1223 4282 1350 4338 denomi-
