<?xml version="1.0" encoding="UTF-8"?>
<!DOCTYPE html PUBLIC "-//W3C//DTD XHTML 1.0 Transitional//EN"
    "http://www.w3.org/TR/xhtml1/DTD/xhtml1-transitional.dtd">
<html xmlns="http://www.w3.org/1999/xhtml" xml:lang="en" lang="en">
 <head>
  <title>
</title>
<meta http-equiv="Content-Type" content="text/html;charset=utf-8" />
  <meta name='ocr-system' content='tesseract 3.04.00' />
  <meta name='ocr-capabilities' content='ocr_page ocr_carea ocr_par ocr_line ocrx_word'/>
</head>
<body>
  <div class='ocr_page' id='page_1' title='image "./evangelicaedemo00donagoog/evangelicaedemo00donagoog_0092.png"; bbox 0 0 3142 4720; ppageno 0'>
   <div class='ocr_carea' id='block_1_1' title="bbox 60 269 1304 354">
    <p class='ocr_par' dir='ltr' id='par_1_1' title="bbox 60 269 1304 354">
     <span class='ocr_line' id='line_1_1' title="bbox 60 269 1304 354; baseline 0.001 -20"><span class='ocrx_word' id='word_1_1' title='bbox 60 288 196 354; x_wconf 83' lang='lat'><strong>-301.</strong></span> <span class='ocrx_word' id='word_1_2' title='bbox 450 271 678 338; x_wconf 81' lang='lat' dir='ltr'><strong>DEMONST.</strong></span> <span class='ocrx_word' id='word_1_3' title='bbox 702 269 873 336; x_wconf 79' lang='lat' dir='ltr'><strong>EVANG.</strong></span> <span class='ocrx_word' id='word_1_4' title='bbox 898 270 955 334; x_wconf 93' lang='lat' dir='ltr'>VI.</span> <span class='ocrx_word' id='word_1_5' title='bbox 974 291 1023 336; x_wconf 87' lang='lat'>21.</span> <span class='ocrx_word' id='word_1_6' title='bbox 1240 269 1304 336; x_wconf 83' lang='lat'>605</span> 
     </span>
    </p>
   </div>
   <div class='ocr_carea' id='block_1_2' title="bbox 184 433 1434 2293">
    <p class='ocr_par' dir='ltr' id='par_1_2' title="bbox 184 433 1434 2293">
     <span class='ocr_line' id='line_1_2' title="bbox 207 433 1307 539; baseline 0.002 -28"><span class='ocrx_word' id='word_1_7' title='bbox 207 433 347 532; x_wconf 77' lang='grc' dir='ltr'>κειμένη</span> <span class='ocrx_word' id='word_1_8' title='bbox 372 434 532 514; x_wconf 77' lang='grc' dir='ltr'>διδάσκει</span> <span class='ocrx_word' id='word_1_9' title='bbox 555 435 766 539; x_wconf 78' lang='grc' dir='ltr'>πρόρρησις.</span> <span class='ocrx_word' id='word_1_10' title='bbox 816 437 918 514; x_wconf 76' lang='lat' dir='ltr'>’Auri</span> <span class='ocrx_word' id='word_1_11' title='bbox 942 433 981 514; x_wconf 76' lang='grc' dir='ltr'>δέ</span> <span class='ocrx_word' id='word_1_12' title='bbox 1004 442 1078 531; x_wconf 89' lang='grc' dir='ltr'>τοῦ,</span> <span class='ocrx_word' id='word_1_13' title='bbox 1100 443 1159 514; x_wconf 74' lang='grc' dir='ltr'>οιαὶ</span> <span class='ocrx_word' id='word_1_14' title='bbox 1183 438 1201 527; x_wconf 76' lang='grc' dir='ltr'><em>ἡ</em></span> <span class='ocrx_word' id='word_1_15' title='bbox 1228 433 1307 538; x_wconf 62' lang='lat' dir='ltr'>rapi</span> 
     </span>
     <span class='ocr_line' id='line_1_3' title="bbox 206 555 1306 665; baseline 0.001 -30"><span class='ocrx_word' id='word_1_16' title='bbox 206 560 262 636; x_wconf 87' lang='grc' dir='ltr'>τοῦ</span> <span class='ocrx_word' id='word_1_17' title='bbox 282 562 477 664; x_wconf 69' lang='grc' dir='ltr'>Καρμήλου,</span> <span class='ocrx_word' id='word_1_18' title='bbox 497 563 517 639; x_wconf 91' lang='lat'><em>5</em></span> <span class='ocrx_word' id='word_1_19' title='bbox 535 560 600 660; x_wconf 79' lang='grc' dir='ltr'>μὲν</span> <span class='ocrx_word' id='word_1_20' title='bbox 614 561 773 643; x_wconf 87' lang='grc' dir='ltr'>Ἀκύλας</span> <span class='ocrx_word' id='word_1_21' title='bbox 791 561 896 665; x_wconf 85' lang='grc' dir='ltr'>φησὶ,</span> <span class='ocrx_word' id='word_1_22' title='bbox 916 555 1121 665; x_wconf 75' lang='grc' dir='ltr'>δαπρέπειιι</span> <span class='ocrx_word' id='word_1_23' title='bbox 1139 561 1193 638; x_wconf 89' lang='grc' dir='ltr'>τοῦ</span> <span class='ocrx_word' id='word_1_24' title='bbox 1213 573 1306 662; x_wconf 83' lang='grc' dir='ltr'>Καρ-</span> 
     </span>
     <span class='ocr_line' id='line_1_4' title="bbox 184 663 1308 796; baseline -0.005 -29"><span class='ocrx_word' id='word_1_25' title='bbox 184 687 327 782; x_wconf 78' lang='grc' dir='ltr'>οριοῐλου,</span> <span class='ocrx_word' id='word_1_26' title='bbox 350 693 409 764; x_wconf 67' lang='grc' dir='ltr'>καὶ</span> <span class='ocrx_word' id='word_1_27' title='bbox 429 689 484 765; x_wconf 83' lang='grc' dir='ltr'>τοῦ</span> <span class='ocrx_word' id='word_1_28' title='bbox 503 685 628 793; x_wconf 79' lang='grc' dir='ltr'>Σαρῦν,</span> <span class='ocrx_word' id='word_1_29' title='bbox 649 693 740 767; x_wconf 73' lang='grc' dir='ltr'>αὐτοὶ</span> <span class='ocrx_word' id='word_1_30' title='bbox 769 683 914 796; x_wconf 66' lang='grc' dir='ltr'>ἕψονται</span> <span class='ocrx_word' id='word_1_31' title='bbox 943 679 1042 792; x_wconf 77' lang='grc' dir='ltr'>θύξιιν</span> <span class='ocrx_word' id='word_1_32' title='bbox 1062 663 1187 790; x_wconf 79' lang='grc' dir='ltr'>Κυρίου·</span> <span class='ocrx_word' id='word_1_33' title='bbox 1221 684 1241 761; x_wconf 95' lang='lat'><em>5</em></span> <span class='ocrx_word' id='word_1_34' title='bbox 1269 681 1308 761; x_wconf 77' lang='grc' dir='ltr'>δέ</span> 
     </span>
     <span class='ocr_line' id='line_1_5' title="bbox 207 803 1348 918; baseline -0.002 -30"><span class='ocrx_word' id='word_1_35' title='bbox 207 809 414 914; x_wconf 85' lang='grc' dir='ltr'>Σύμμαχος,</span> <span class='ocrx_word' id='word_1_36' title='bbox 434 812 612 918; x_wconf 76' lang='grc' dir='ltr'>εὐπρέπεια</span> <span class='ocrx_word' id='word_1_37' title='bbox 629 813 685 892; x_wconf 84' lang='grc' dir='ltr'>τοῦ</span> <span class='ocrx_word' id='word_1_38' title='bbox 702 814 884 916; x_wconf 63' lang='grc' dir='ltr'>Καρμήλου</span> <span class='ocrx_word' id='word_1_39' title='bbox 904 819 963 891; x_wconf 70' lang='grc' dir='ltr'>καὶ</span> <span class='ocrx_word' id='word_1_40' title='bbox 988 812 1044 890; x_wconf 81' lang='grc' dir='ltr'>τοῦ</span> <span class='ocrx_word' id='word_1_41' title='bbox 1068 803 1196 898; x_wconf 79' lang='grc' dir='ltr'>πεδίου,</span> <span class='ocrx_word' id='word_1_42' title='bbox 1216 813 1305 887; x_wconf 71' lang='grc' dir='ltr'>αὐτοὶ</span> <span class='ocrx_word' id='word_1_43' title='bbox 1319 838 1348 874; x_wconf 83' lang='lat'>¹0</span> 
     </span>
     <span class='ocr_line' id='line_1_6' title="bbox 207 929 1333 1044; baseline -0.004 -29"><span class='ocrx_word' id='word_1_44' title='bbox 207 929 355 1040; x_wconf 59' lang='grc' dir='ltr'>ἕψονται</span> <span class='ocrx_word' id='word_1_45' title='bbox 380 935 435 1029; x_wconf 66' lang='grc' dir='ltr'>τῆν</span> <span class='ocrx_word' id='word_1_46' title='bbox 460 933 559 1044; x_wconf 75' lang='grc' dir='ltr'>δόξαν</span> <span class='ocrx_word' id='word_1_47' title='bbox 579 941 700 1041; x_wconf 77' lang='grc' dir='ltr'>Κυρίου·</span> <span class='ocrx_word' id='word_1_48' title='bbox 730 943 788 1016; x_wconf 79' lang='grc' dir='ltr'>καὶ</span> <span class='ocrx_word' id='word_1_49' title='bbox 812 938 832 1015; x_wconf 95' lang='lat'><em>5</em></span> <span class='ocrx_word' id='word_1_50' title='bbox 852 936 1052 1026; x_wconf 84' lang='grc' dir='ltr'>Θεοδοτίων</span> <span class='ocrx_word' id='word_1_51' title='bbox 1075 932 1122 1030; x_wconf 76' lang='grc' dir='ltr'>δέ,</span> <span class='ocrx_word' id='word_1_52' title='bbox 1143 933 1333 1041; x_wconf 75' lang='grc' dir='ltr'>ῦριιιύτης,θ</span> 
     </span>
     <span class='ocr_line' id='line_1_7' title="bbox 208 1052 1434 1170; baseline -0.004 -28"><span class='ocrx_word' id='word_1_53' title='bbox 208 1063 314 1162; x_wconf 78' lang='grc' dir='ltr'>φησὶ,</span> <span class='ocrx_word' id='word_1_54' title='bbox 339 1066 394 1142; x_wconf 81' lang='grc' dir='ltr'>τοῦ</span> <span class='ocrx_word' id='word_1_55' title='bbox 424 1065 604 1170; x_wconf 65' lang='grc' dir='ltr'>Καρμήλου</span> <span class='ocrx_word' id='word_1_56' title='bbox 633 1072 692 1143; x_wconf 71' lang='grc' dir='ltr'>καὶ</span> <span class='ocrx_word' id='word_1_57' title='bbox 721 1067 778 1144; x_wconf 84' lang='grc' dir='ltr'>τοῦ</span> <span class='ocrx_word' id='word_1_58' title='bbox 805 1059 928 1166; x_wconf 83' lang='grc' dir='ltr'>Σαρῦν,</span> <span class='ocrx_word' id='word_1_59' title='bbox 957 1067 1048 1141; x_wconf 71' lang='grc' dir='ltr'>αὐτοὶ</span> <span class='ocrx_word' id='word_1_60' title='bbox 1079 1052 1224 1168; x_wconf 64' lang='grc' dir='ltr'>ὄψονται</span> <span class='ocrx_word' id='word_1_61' title='bbox 1252 1057 1307 1152; x_wconf 70' lang='lat' dir='ltr'>rin</span> <span class='ocrx_word' id='word_1_62' title='bbox 1427 1053 1434 1062; x_wconf 45' lang='lat'>⁸</span> 
     </span>
     <span class='ocr_line' id='line_1_8' title="bbox 208 1185 1302 1294; baseline -0.005 -26"><span class='ocrx_word' id='word_1_63' title='bbox 208 1185 307 1294; x_wconf 74' lang='grc' dir='ltr'>δόξαν</span> <span class='ocrx_word' id='word_1_64' title='bbox 329 1192 452 1294; x_wconf 78' lang='grc' dir='ltr'>Κυρίου.</span> <span class='ocrx_word' id='word_1_65' title='bbox 511 1191 569 1268; x_wconf 85' lang='grc' dir='ltr'>Δι’</span> <span class='ocrx_word' id='word_1_66' title='bbox 589 1186 640 1267; x_wconf 82' lang='grc' dir='ltr'>ὧν</span> <span class='ocrx_word' id='word_1_67' title='bbox 661 1190 878 1268; x_wconf 74' lang='grc' dir='ltr'>αἰνίττεσθαι</span> <span class='ocrx_word' id='word_1_68' title='bbox 902 1189 1056 1288; x_wconf 84' lang='grc' dir='ltr'>ἡγοῦμαι</span> <span class='ocrx_word' id='word_1_69' title='bbox 1074 1185 1140 1282; x_wconf 85' lang='grc' dir='ltr'>τὴν</span> <span class='ocrx_word' id='word_1_70' title='bbox 1157 1190 1302 1290; x_wconf 81' lang='grc' dir='ltr'>προφη-</span> 
     </span>
     <span class='ocr_line' id='line_1_9' title="bbox 207 1309 1329 1415; baseline -0.004 -25"><span class='ocrx_word' id='word_1_71' title='bbox 207 1313 303 1390; x_wconf 83' lang='grc' dir='ltr'>τείαν</span> <span class='ocrx_word' id='word_1_72' title='bbox 335 1312 377 1389; x_wconf 86' lang='grc' dir='ltr'>οῦ</span> <span class='ocrx_word' id='word_1_73' title='bbox 405 1309 471 1409; x_wconf 80' lang='grc' dir='ltr'>τὴν</span> <span class='ocrx_word' id='word_1_74' title='bbox 503 1311 753 1415; x_wconf 82' lang='grc' dir='ltr'>Ἰερουσαλὴμ,</span> <span class='ocrx_word' id='word_1_75' title='bbox 784 1311 863 1391; x_wconf 79' lang='grc' dir='ltr'>οὐδὲ</span> <span class='ocrx_word' id='word_1_76' title='bbox 895 1310 960 1410; x_wconf 85' lang='grc' dir='ltr'>τὴν</span> <span class='ocrx_word' id='word_1_77' title='bbox 989 1310 1174 1406; x_wconf 80' lang='grc' dir='ltr'>Ἰουδαίαν,</span> <span class='ocrx_word' id='word_1_78' title='bbox 1207 1309 1329 1388; x_wconf 65' lang='lat' dir='ltr'>dutus</span> 
     </span>
     <span class='ocr_line' id='line_1_10' title="bbox 208 1433 1307 1544; baseline -0.002 -28"><span class='ocrx_word' id='word_1_79' title='bbox 208 1435 298 1536; x_wconf 71' lang='lat' dir='ltr'>‘ripn</span> <span class='ocrx_word' id='word_1_80' title='bbox 330 1443 403 1516; x_wconf 79' lang='grc' dir='ltr'>τῶν</span> <span class='ocrx_word' id='word_1_81' title='bbox 434 1440 545 1516; x_wconf 79' lang='grc' dir='ltr'>ἐθνῶν</span> <span class='ocrx_word' id='word_1_82' title='bbox 576 1437 698 1540; x_wconf 84' lang='grc' dir='ltr'>χώραν</span> <span class='ocrx_word' id='word_1_83' title='bbox 730 1435 1068 1544; x_wconf 80' lang='grc' dir='ltr'>καταξιωθήσεσθαι</span> <span class='ocrx_word' id='word_1_84' title='bbox 1098 1438 1163 1532; x_wconf 76' lang='grc' dir='ltr'>τῆς</span> <span class='ocrx_word' id='word_1_85' title='bbox 1188 1433 1307 1514; x_wconf 79' lang='grc' dir='ltr'>ἐνθέου</span> 
     </span>
     <span class='ocr_line' id='line_1_11' title="bbox 208 1557 1307 1666; baseline -0.003 -25"><span class='ocrx_word' id='word_1_86' title='bbox 208 1561 389 1663; x_wconf 80' lang='grc' dir='ltr'>γνώσεως.</span> <span class='ocrx_word' id='word_1_87' title='bbox 418 1563 465 1640; x_wconf 82' lang='lat' dir='ltr'>‘O</span> <span class='ocrx_word' id='word_1_88' title='bbox 484 1571 573 1663; x_wconf 87' lang='grc' dir='ltr'>γοῦν</span> <span class='ocrx_word' id='word_1_89' title='bbox 586 1561 795 1666; x_wconf 79' lang='grc' dir='ltr'>Κάρμηλος,</span> <span class='ocrx_word' id='word_1_90' title='bbox 815 1567 872 1641; x_wconf 83' lang='grc' dir='ltr'>καὶ</span> <span class='ocrx_word' id='word_1_91' title='bbox 891 1563 912 1640; x_wconf 92' lang='lat'><em>5</em></span> <span class='ocrx_word' id='word_1_92' title='bbox 930 1561 1147 1658; x_wconf 85' lang='grc' dir='ltr'>καλούμενος</span> <span class='ocrx_word' id='word_1_93' title='bbox 1167 1557 1307 1658; x_wconf 59' lang='lat' dir='ltr'>zapti,</span> 
     </span>
     <span class='ocr_line' id='line_1_12' title="bbox 186 1683 1308 1793; baseline -0.002 -27"><span class='ocrx_word' id='word_1_94' title='bbox 186 1689 311 1769; x_wconf 80' lang='grc' dir='ltr'>ιτόποι</span> <span class='ocrx_word' id='word_1_95' title='bbox 329 1695 402 1766; x_wconf 82' lang='grc' dir='ltr'>τῶν</span> <span class='ocrx_word' id='word_1_96' title='bbox 419 1689 644 1793; x_wconf 78' lang='grc' dir='ltr'>ἀλλοφύλων</span> <span class='ocrx_word' id='word_1_97' title='bbox 663 1690 823 1792; x_wconf 83' lang='grc' dir='ltr'>ῦιτῆρχον</span> <span class='ocrx_word' id='word_1_98' title='bbox 840 1691 962 1766; x_wconf 84' lang='grc' dir='ltr'>ἐθνῶν.</span> <span class='ocrx_word' id='word_1_99' title='bbox 1017 1691 1143 1766; x_wconf 89' lang='grc' dir='ltr'>Ταῦτα</span> <span class='ocrx_word' id='word_1_100' title='bbox 1160 1683 1226 1784; x_wconf 70' lang='grc' dir='ltr'>μέν</span> <span class='ocrx_word' id='word_1_101' title='bbox 1245 1686 1308 1764; x_wconf 80' lang='grc' dir='ltr'>οὖν</span> 
     </span>
     <span class='ocr_line' id='line_1_13' title="bbox 207 1808 1348 1918; baseline -0.004 -26"><span class='ocrx_word' id='word_1_102' title='bbox 207 1811 298 1914; x_wconf 78' lang='grc' dir='ltr'>πρὸς</span> <span class='ocrx_word' id='word_1_103' title='bbox 316 1812 426 1918; x_wconf 73' lang='grc' dir='ltr'>λέξιν·</span> <span class='ocrx_word' id='word_1_104' title='bbox 449 1816 507 1892; x_wconf 78' lang='grc' dir='ltr'>καὶ</span> <span class='ocrx_word' id='word_1_105' title='bbox 526 1812 618 1892; x_wconf 80' lang='grc' dir='ltr'>κατὰ</span> <span class='ocrx_word' id='word_1_106' title='bbox 637 1813 793 1892; x_wconf 84' lang='grc' dir='ltr'>διάνοιαν</span> <span class='ocrx_word' id='word_1_107' title='bbox 811 1812 849 1891; x_wconf 78' lang='grc' dir='ltr'>δὲ</span> <span class='ocrx_word' id='word_1_108' title='bbox 868 1811 975 1891; x_wconf 84' lang='grc' dir='ltr'>εἰσέτι</span> <span class='ocrx_word' id='word_1_109' title='bbox 994 1808 1153 1912; x_wconf 76' lang='grc' dir='ltr'>σήμερον</span> <span class='ocrx_word' id='word_1_110' title='bbox 1170 1813 1204 1889; x_wconf 85' lang='lat' dir='ltr'>oi</span> <span class='ocrx_word' id='word_1_111' title='bbox 1221 1812 1307 1911; x_wconf 75' lang='grc' dir='ltr'>πρὶν</span> <span class='ocrx_word' id='word_1_112' title='bbox 1319 1837 1348 1872; x_wconf 84' lang='lat'>¹0</span> 
     </span>
     <span class='ocr_line' id='line_1_14' title="bbox 208 1933 1308 2044; baseline -0.001 -28"><span class='ocrx_word' id='word_1_113' title='bbox 208 1938 271 2022; x_wconf 74' lang='grc' dir='ltr'>τὰς</span> <span class='ocrx_word' id='word_1_114' title='bbox 298 1937 422 2042; x_wconf 63' lang='grc' dir='ltr'>θαιχὰς</span> <span class='ocrx_word' id='word_1_115' title='bbox 447 1937 702 2040; x_wconf 74' lang='grc' dir='ltr'>πεπηρωμένοι,</span> <span class='ocrx_word' id='word_1_116' title='bbox 725 1942 773 2022; x_wconf 85' lang='grc' dir='ltr'>ὡς</span> <span class='ocrx_word' id='word_1_117' title='bbox 801 1938 896 2044; x_wconf 82' lang='grc' dir='ltr'>ξύλα</span> <span class='ocrx_word' id='word_1_118' title='bbox 921 1941 978 2017; x_wconf 82' lang='grc' dir='ltr'>καὶ</span> <span class='ocrx_word' id='word_1_119' title='bbox 1006 1936 1129 2019; x_wconf 78' lang='grc' dir='ltr'>λίθους</span> <span class='ocrx_word' id='word_1_120' title='bbox 1156 1937 1214 2014; x_wconf 81' lang='grc' dir='ltr'>καὶ</span> <span class='ocrx_word' id='word_1_121' title='bbox 1242 1933 1308 2033; x_wconf 76' lang='grc' dir='ltr'>τὴν</span> 
     </span>
     <span class='ocr_line' id='line_1_15' title="bbox 209 2059 1337 2169; baseline -0.005 -27"><span class='ocrx_word' id='word_1_122' title='bbox 209 2064 341 2164; x_wconf 81' lang='grc' dir='ltr'>λοιπὴν</span> <span class='ocrx_word' id='word_1_123' title='bbox 364 2065 510 2169; x_wconf 80' lang='grc' dir='ltr'>ἄψυχον</span> <span class='ocrx_word' id='word_1_124' title='bbox 534 2067 626 2163; x_wconf 82' lang='grc' dir='ltr'>ὕλην</span> <span class='ocrx_word' id='word_1_125' title='bbox 650 2061 819 2162; x_wconf 78' lang='grc' dir='ltr'>δαίμονάς</span> <span class='ocrx_word' id='word_1_126' title='bbox 836 2097 874 2142; x_wconf 88' lang='grc' dir='ltr'>τε</span> <span class='ocrx_word' id='word_1_127' title='bbox 899 2063 1093 2164; x_wconf 85' lang='grc' dir='ltr'>περιγείους</span> <span class='ocrx_word' id='word_1_128' title='bbox 1117 2063 1175 2140; x_wconf 83' lang='grc' dir='ltr'>καὶ</span> <span class='ocrx_word' id='word_1_129' title='bbox 1200 2059 1337 2141; x_wconf 84' lang='grc' dir='ltr'>πνεύ-ι1</span> 
     </span>
     <span class='ocr_line' id='line_1_16' title="bbox 208 2185 1305 2293; baseline -0.003 -25"><span class='ocrx_word' id='word_1_130' title='bbox 208 2225 305 2287; x_wconf 83' lang='grc' dir='ltr'>ματα</span> <span class='ocrx_word' id='word_1_131' title='bbox 321 2189 461 2293; x_wconf 78' lang='grc' dir='ltr'>πονηρὰ</span> <span class='ocrx_word' id='word_1_132' title='bbox 479 2193 557 2269; x_wconf 80' lang='grc' dir='ltr'>ἀντὶ</span> <span class='ocrx_word' id='word_1_133' title='bbox 575 2197 638 2268; x_wconf 90' lang='grc' dir='ltr'>τοῦ</span> <span class='ocrx_word' id='word_1_134' title='bbox 658 2193 753 2268; x_wconf 86' lang='grc' dir='ltr'>Θεοῦ</span> <span class='ocrx_word' id='word_1_135' title='bbox 771 2194 844 2268; x_wconf 85' lang='grc' dir='ltr'>τῶν</span> <span class='ocrx_word' id='word_1_136' title='bbox 862 2187 959 2266; x_wconf 84' lang='grc' dir='ltr'>ὅλων</span> <span class='ocrx_word' id='word_1_137' title='bbox 976 2193 1201 2288; x_wconf 83' lang='grc' dir='ltr'>προσκυνεῖν,</span> <span class='ocrx_word' id='word_1_138' title='bbox 1215 2185 1252 2264; x_wconf 82' lang='grc' dir='ltr'>οἵ</span> <span class='ocrx_word' id='word_1_139' title='bbox 1267 2220 1305 2265; x_wconf 94' lang='grc' dir='ltr'>τε</span> 
     </span>
    </p>
   </div>
   <div class='ocr_carea' id='block_1_3' title="bbox 208 2309 1329 2542">
    <p class='ocr_par' dir='ltr' id='par_1_3' title="bbox 208 2309 1329 2542">
     <span class='ocr_line' id='line_1_17' title="bbox 208 2309 1306 2419; baseline -0.003 -28"><span class='ocrx_word' id='word_1_140' title='bbox 208 2313 254 2392; x_wconf 78' lang='grc' dir='ltr'>τὰ</span> <span class='ocrx_word' id='word_1_141' title='bbox 282 2309 357 2393; x_wconf 80' lang='grc' dir='ltr'>ὦτα</span> <span class='ocrx_word' id='word_1_142' title='bbox 382 2319 445 2412; x_wconf 78' lang='grc' dir='ltr'>τῆς</span> <span class='ocrx_word' id='word_1_143' title='bbox 474 2316 626 2397; x_wconf 85' lang='grc' dir='ltr'>διανοίας</span> <span class='ocrx_word' id='word_1_144' title='bbox 654 2314 912 2419; x_wconf 82' lang='grc' dir='ltr'>κεκωφωμένοι,</span> <span class='ocrx_word' id='word_1_145' title='bbox 939 2317 996 2390; x_wconf 78' lang='grc' dir='ltr'>καὶ</span> <span class='ocrx_word' id='word_1_146' title='bbox 1024 2309 1225 2413; x_wconf 78' lang='grc' dir='ltr'>σκύζοντες,</span> <span class='ocrx_word' id='word_1_147' title='bbox 1249 2312 1306 2389; x_wconf 77' lang='grc' dir='ltr'>καὶ</span> 
     </span>
     <span class='ocr_line' id='line_1_18' title="bbox 208 2434 1329 2542; baseline -0.002 -24"><span class='ocrx_word' id='word_1_148' title='bbox 208 2439 409 2542; x_wconf 89' lang='grc' dir='ltr'>παρειμένοι</span> <span class='ocrx_word' id='word_1_149' title='bbox 427 2438 492 2518; x_wconf 85' lang='grc' dir='ltr'>τὸν</span> <span class='ocrx_word' id='word_1_150' title='bbox 508 2438 627 2519; x_wconf 79' lang='grc' dir='ltr'>πάντα</span> <span class='ocrx_word' id='word_1_151' title='bbox 644 2441 778 2519; x_wconf 81' lang='grc' dir='ltr'>ἔαιττῶν</span> <span class='ocrx_word' id='word_1_152' title='bbox 795 2439 886 2535; x_wconf 83' lang='grc' dir='ltr'>βίον,</span> <span class='ocrx_word' id='word_1_153' title='bbox 904 2437 1041 2516; x_wconf 89' lang='grc' dir='ltr'>τούτων</span> <span class='ocrx_word' id='word_1_154' title='bbox 1059 2434 1229 2516; x_wconf 82' lang='grc' dir='ltr'>ἁπάντων</span> <span class='ocrx_word' id='word_1_155' title='bbox 1248 2437 1329 2516; x_wconf 80' lang='grc' dir='ltr'>καὶι</span> 
     </span>
    </p>
   </div>
   <div class='ocr_carea' id='block_1_4' title="bbox 208 2560 1308 3038">
    <p class='ocr_par' dir='ltr' id='par_1_4' title="bbox 208 2560 1308 2668">
     <span class='ocr_line' id='line_1_19' title="bbox 208 2560 1308 2668; baseline -0.003 -25"><span class='ocrx_word' id='word_1_156' title='bbox 208 2571 279 2644; x_wconf 83' lang='grc' dir='ltr'>τιῦν</span> <span class='ocrx_word' id='word_1_157' title='bbox 304 2565 432 2644; x_wconf 78' lang='grc' dir='ltr'>ἄλλων</span> <span class='ocrx_word' id='word_1_158' title='bbox 456 2571 584 2645; x_wconf 83' lang='grc' dir='ltr'>παθῶν</span> <span class='ocrx_word' id='word_1_159' title='bbox 607 2599 647 2644; x_wconf 87' lang='grc' dir='ltr'>τε</span> <span class='ocrx_word' id='word_1_160' title='bbox 671 2567 730 2644; x_wconf 82' lang='grc' dir='ltr'>καὶ</span> <span class='ocrx_word' id='word_1_161' title='bbox 754 2561 1045 2668; x_wconf 77' lang='grc' dir='ltr'>ἀρρωστημάτων</span> <span class='ocrx_word' id='word_1_162' title='bbox 1070 2560 1128 2642; x_wconf 77' lang='grc' dir='ltr'>διὰ</span> <span class='ocrx_word' id='word_1_163' title='bbox 1154 2566 1217 2659; x_wconf 76' lang='grc' dir='ltr'>τῆς</span> <span class='ocrx_word' id='word_1_164' title='bbox 1242 2570 1308 2640; x_wconf 87' lang='grc' dir='ltr'>τοῦ</span> 
     </span>
    </p>

    <p class='ocr_par' dir='ltr' id='par_1_5' title="bbox 209 2686 1305 2793">
     <span class='ocr_line' id='line_1_20' title="bbox 209 2686 1305 2793; baseline -0.005 -23"><span class='ocrx_word' id='word_1_165' title='bbox 209 2695 375 2793; x_wconf 81' lang='grc' dir='ltr'>Σωτῆρος</span> <span class='ocrx_word' id='word_1_166' title='bbox 399 2691 500 2789; x_wconf 84' lang='grc' dir='ltr'>ἡμῶν</span> <span class='ocrx_word' id='word_1_167' title='bbox 516 2691 641 2788; x_wconf 87' lang='grc' dir='ltr'>Ἰησοῦ</span> <span class='ocrx_word' id='word_1_168' title='bbox 663 2695 828 2793; x_wconf 84' lang='grc' dir='ltr'>Χριστοῦ</span> <span class='ocrx_word' id='word_1_169' title='bbox 853 2689 1088 2770; x_wconf 84' lang='grc' dir='ltr'>διδασκαλίας</span> <span class='ocrx_word' id='word_1_170' title='bbox 1111 2686 1218 2766; x_wconf 81' lang='grc' dir='ltr'>εἰσέτι</span> <span class='ocrx_word' id='word_1_171' title='bbox 1246 2689 1305 2765; x_wconf 83' lang='grc' dir='ltr'>καὶ</span> 
     </span>
    </p>

    <p class='ocr_par' dir='ltr' id='par_1_6' title="bbox 209 2808 1307 3038">
     <span class='ocr_line' id='line_1_21' title="bbox 209 2808 1307 2918; baseline -0.006 -23"><span class='ocrx_word' id='word_1_172' title='bbox 209 2824 271 2895; x_wconf 88' lang='grc' dir='ltr'>νῦν</span> <span class='ocrx_word' id='word_1_173' title='bbox 295 2815 597 2913; x_wconf 83' lang='grc' dir='ltr'>ἀπαλλάττονται,</span> <span class='ocrx_word' id='word_1_174' title='bbox 616 2813 713 2895; x_wconf 88' lang='grc' dir='ltr'>πολῦ</span> <span class='ocrx_word' id='word_1_175' title='bbox 736 2817 932 2918; x_wconf 87' lang='grc' dir='ltr'>κρείττονος</span> <span class='ocrx_word' id='word_1_176' title='bbox 957 2813 977 2912; x_wconf 74' lang='lat' dir='ltr'>ip</span> <span class='ocrx_word' id='word_1_177' title='bbox 1000 2811 1092 2893; x_wconf 83' lang='grc' dir='ltr'>κατὰ</span> <span class='ocrx_word' id='word_1_178' title='bbox 1117 2817 1227 2910; x_wconf 81' lang='grc' dir='ltr'>σῶμα</span> <span class='ocrx_word' id='word_1_179' title='bbox 1255 2808 1307 2890; x_wconf 81' lang='lat' dir='ltr'>ini-</span> 
     </span>
     <span class='ocr_line' id='line_1_22' title="bbox 620 2969 896 3038; baseline 0 -14"><span class='ocrx_word' id='word_1_180' title='bbox 620 2975 698 3024; x_wconf 68' lang='grc' dir='ltr'>οτοῖιν</span> <span class='ocrx_word' id='word_1_181' title='bbox 712 2970 792 3024; x_wconf 69' lang='lat' dir='ltr'>torua</span> <span class='ocrx_word' id='word_1_182' title='bbox 806 2969 852 3038; x_wconf 82' lang='grc' dir='ltr'>τὴν</span> <span class='ocrx_word' id='word_1_183' title='bbox 867 2970 896 3025; x_wconf 85' lang='lat' dir='ltr'>S.</span> 
     </span>
    </p>
   </div>
   <div class='ocr_carea' id='block_1_5' title="bbox 206 3102 1308 4378">
    <p class='ocr_par' dir='ltr' id='par_1_7' title="bbox 206 3102 1308 4378">
     <span class='ocr_line' id='line_1_23' title="bbox 208 3102 1308 3182; baseline -0.004 -20"><span class='ocrx_word' id='word_1_184' title='bbox 208 3104 330 3162; x_wconf 83' lang='lat' dir='ltr'>dandam</span> <span class='ocrx_word' id='word_1_185' title='bbox 354 3123 417 3162; x_wconf 81' lang='lat' dir='ltr'>esse</span> <span class='ocrx_word' id='word_1_186' title='bbox 444 3105 621 3182; x_wconf 81' lang='lat' dir='ltr'>propositum</span> <span class='ocrx_word' id='word_1_187' title='bbox 649 3106 732 3162; x_wconf 86' lang='lat' dir='ltr'>docet</span> <span class='ocrx_word' id='word_1_188' title='bbox 759 3105 912 3162; x_wconf 85' lang='lat' dir='ltr'>oraculum.</span> <span class='ocrx_word' id='word_1_189' title='bbox 959 3104 1014 3161; x_wconf 88' lang='lat' dir='ltr'>Pro</span> <span class='ocrx_word' id='word_1_190' title='bbox 1042 3122 1077 3161; x_wconf 90' lang='lat' dir='ltr'>eo</span> <span class='ocrx_word' id='word_1_191' title='bbox 1108 3112 1203 3159; x_wconf 88' lang='lat' dir='ltr'>nutem</span> <span class='ocrx_word' id='word_1_192' title='bbox 1232 3102 1308 3175; x_wconf 90' lang='lat' dir='ltr'>quod</span> 
     </span>
     <span class='ocr_line' id='line_1_24' title="bbox 208 3182 1305 3259; baseline -0.004 -17"><span class='ocrx_word' id='word_1_193' title='bbox 208 3186 314 3242; x_wconf 88' lang='lat' dir='ltr'>dictum</span> <span class='ocrx_word' id='word_1_194' title='bbox 330 3194 383 3251; x_wconf 84' lang='lat' dir='ltr'>eat,</span> <span class='ocrx_word' id='word_1_195' title='bbox 399 3195 426 3242; x_wconf 81' lang='lat' dir='ltr'>et</span> <span class='ocrx_word' id='word_1_196' title='bbox 440 3186 524 3243; x_wconf 84' lang='grc' dir='ltr'>Ιιυιιοτ</span> <span class='ocrx_word' id='word_1_197' title='bbox 538 3186 666 3251; x_wconf 79' lang='lat' dir='ltr'>Carmeli,</span> <span class='ocrx_word' id='word_1_198' title='bbox 681 3185 785 3259; x_wconf 89' lang='lat' dir='ltr'>Aquila</span> <span class='ocrx_word' id='word_1_199' title='bbox 799 3185 911 3259; x_wconf 88' lang='lat' dir='ltr'>quidem</span> <span class='ocrx_word' id='word_1_200' title='bbox 933 3182 1080 3246; x_wconf 88' lang='lat' dir='ltr'>convertit.</span> <span class='ocrx_word' id='word_1_201' title='bbox 1095 3184 1222 3257; x_wconf 72' lang='lat' dir='ltr'><em>splendor</em></span> <span class='ocrx_word' id='word_1_202' title='bbox 1238 3183 1305 3238; x_wconf 85' lang='lat' dir='ltr'>Cur-</span> 
     </span>
     <span class='ocr_line' id='line_1_25' title="bbox 209 3263 1308 3341; baseline -0.004 -20"><span class='ocrx_word' id='word_1_203' title='bbox 209 3267 272 3322; x_wconf 86' lang='lat' dir='ltr'>meii</span> <span class='ocrx_word' id='word_1_204' title='bbox 285 3273 313 3322; x_wconf 83' lang='lat' dir='ltr'>et</span> <span class='ocrx_word' id='word_1_205' title='bbox 328 3266 429 3334; x_wconf 85' lang='lat' dir='ltr'>Saron,</span> <span class='ocrx_word' id='word_1_206' title='bbox 445 3267 497 3340; x_wconf 84' lang='lat' dir='ltr'>ipri</span> <span class='ocrx_word' id='word_1_207' title='bbox 509 3267 636 3323; x_wconf 81' lang='lat' dir='ltr'>videbunt</span> <span class='ocrx_word' id='word_1_208' title='bbox 647 3267 766 3341; x_wconf 77' lang='lat' dir='ltr'>piorinm</span> <span class='ocrx_word' id='word_1_209' title='bbox 781 3266 914 3322; x_wconf 83' lang='lat' dir='ltr'>Domini:</span> <span class='ocrx_word' id='word_1_210' title='bbox 933 3264 1121 3340; x_wconf 80' lang='lat' dir='ltr'>Symmachus</span> <span class='ocrx_word' id='word_1_211' title='bbox 1135 3282 1213 3326; x_wconf 87' lang='lat' dir='ltr'>vero,</span> <span class='ocrx_word' id='word_1_212' title='bbox 1228 3263 1308 3318; x_wconf 78' lang='lat' dir='ltr'>decor</span> 
     </span>
     <span class='ocr_line' id='line_1_26' title="bbox 209 3344 1306 3420; baseline -0.005 -18"><span class='ocrx_word' id='word_1_213' title='bbox 209 3345 330 3402; x_wconf 80' lang='lat' dir='ltr'>Conneii</span> <span class='ocrx_word' id='word_1_214' title='bbox 343 3354 370 3402; x_wconf 78' lang='lat' dir='ltr'>et</span> <span class='ocrx_word' id='word_1_215' title='bbox 383 3347 481 3420; x_wconf 88' lang='lat' dir='ltr'>campi,</span> <span class='ocrx_word' id='word_1_216' title='bbox 496 3349 548 3419; x_wconf 72' lang='lat' dir='ltr'>ipit</span> <span class='ocrx_word' id='word_1_217' title='bbox 568 3347 692 3403; x_wconf 81' lang='lat' dir='ltr'>videbunt</span> <span class='ocrx_word' id='word_1_218' title='bbox 710 3347 828 3420; x_wconf 76' lang='lat' dir='ltr'><strong><em>gloriam</em></strong></span> <span class='ocrx_word' id='word_1_219' title='bbox 842 3345 976 3402; x_wconf 82' lang='lat' dir='ltr'>Domini:</span> <span class='ocrx_word' id='word_1_220' title='bbox 1004 3344 1183 3401; x_wconf 76' lang='lat' dir='ltr'>&#39;l&#39;beodotion</span> <span class='ocrx_word' id='word_1_221' title='bbox 1201 3350 1306 3405; x_wconf 89' lang='lat' dir='ltr'>autern,</span> 
     </span>
     <span class='ocr_line' id='line_1_27' title="bbox 206 3419 1306 3500; baseline -0.007 -17"><span class='ocrx_word' id='word_1_222' title='bbox 206 3427 316 3500; x_wconf 66' lang='lat' dir='ltr'>aperiea</span> <span class='ocrx_word' id='word_1_223' title='bbox 327 3426 427 3500; x_wconf 89' lang='lat' dir='ltr'>iuquit,</span> <span class='ocrx_word' id='word_1_224' title='bbox 441 3427 558 3482; x_wconf 83' lang='lat' dir='ltr'>Carmeli</span> <span class='ocrx_word' id='word_1_225' title='bbox 569 3434 595 3483; x_wconf 84' lang='lat' dir='ltr'>et</span> <span class='ocrx_word' id='word_1_226' title='bbox 605 3426 706 3490; x_wconf 82' lang='lat' dir='ltr'>Saron,</span> <span class='ocrx_word' id='word_1_227' title='bbox 718 3427 769 3499; x_wconf 77' lang='lat' dir='ltr'>ipsi</span> <span class='ocrx_word' id='word_1_228' title='bbox 779 3425 908 3482; x_wconf 78' lang='lat' dir='ltr'>videbunt</span> <span class='ocrx_word' id='word_1_229' title='bbox 919 3425 1036 3498; x_wconf 73' lang='lat' dir='ltr'>pluriam</span> <span class='ocrx_word' id='word_1_230' title='bbox 1046 3424 1169 3479; x_wconf 79' lang='lat' dir='ltr'><strong><em>Domini.</em></strong></span> <span class='ocrx_word' id='word_1_231' title='bbox 1195 3419 1306 3488; x_wconf 82' lang='lat' dir='ltr'><strong>Quibus</strong></span> 
     </span>
     <span class='ocr_line' id='line_1_28' title="bbox 208 3501 1307 3582; baseline -0.005 -22"><span class='ocrx_word' id='word_1_232' title='bbox 208 3505 302 3562; x_wconf 76' lang='lat' dir='ltr'>verbis</span> <span class='ocrx_word' id='word_1_233' title='bbox 316 3505 475 3580; x_wconf 83' lang='lat' dir='ltr'>siguificare</span> <span class='ocrx_word' id='word_1_234' title='bbox 490 3506 611 3562; x_wconf 76' lang='lat' dir='ltr'>arbitror</span> <span class='ocrx_word' id='word_1_235' title='bbox 631 3506 808 3582; x_wconf 80' lang='lat' dir='ltr'>prophetiam</span> <span class='ocrx_word' id='word_1_236' title='bbox 829 3524 886 3561; x_wconf 90' lang='lat' dir='ltr'>non</span> <span class='ocrx_word' id='word_1_237' title='bbox 906 3503 995 3578; x_wconf 80' lang='lat' dir='ltr'>ipsam</span> <span class='ocrx_word' id='word_1_238' title='bbox 1016 3501 1194 3559; x_wconf 76' lang='lat' dir='ltr'>Hierusalem</span> <span class='ocrx_word' id='word_1_239' title='bbox 1216 3517 1307 3573; x_wconf 84' lang='lat' dir='ltr'>nequa</span> 
     </span>
     <span class='ocr_line' id='line_1_29' title="bbox 207 3578 1308 3661; baseline -0.008 -19"><span class='ocrx_word' id='word_1_240' title='bbox 207 3585 345 3650; x_wconf 66' lang='lat' dir='ltr'>Judaeum,</span> <span class='ocrx_word' id='word_1_241' title='bbox 361 3586 410 3643; x_wconf 80' lang='lat' dir='ltr'>sed</span> <span class='ocrx_word' id='word_1_242' title='bbox 424 3586 546 3661; x_wconf 74' lang='lat' dir='ltr'>ipsarum</span> <span class='ocrx_word' id='word_1_243' title='bbox 562 3587 690 3661; x_wconf 85' lang='lat' dir='ltr'>gentium</span> <span class='ocrx_word' id='word_1_244' title='bbox 705 3594 820 3650; x_wconf 87' lang='lat' dir='ltr'>terram,</span> <span class='ocrx_word' id='word_1_245' title='bbox 835 3585 880 3641; x_wconf 90' lang='lat' dir='ltr'>cui</span> <span class='ocrx_word' id='word_1_246' title='bbox 895 3583 989 3640; x_wconf 88' lang='lat' dir='ltr'>divina</span> <span class='ocrx_word' id='word_1_247' title='bbox 1002 3581 1129 3657; x_wconf 79' lang='lat' dir='ltr'>cognitio</span> <span class='ocrx_word' id='word_1_248' title='bbox 1148 3578 1308 3636; x_wconf 82' lang='lat' dir='ltr'>exhibenda</span> 
     </span>
     <span class='ocr_line' id='line_1_30' title="bbox 208 3658 1308 3741; baseline -0.005 -20"><span class='ocrx_word' id='word_1_249' title='bbox 208 3665 255 3722; x_wconf 84' lang='lat' dir='ltr'>ait.</span> <span class='ocrx_word' id='word_1_250' title='bbox 285 3666 432 3723; x_wconf 76' lang='lat' dir='ltr'>Carmelus</span> <span class='ocrx_word' id='word_1_251' title='bbox 446 3667 532 3732; x_wconf 86' lang='lat' dir='ltr'>euim,</span> <span class='ocrx_word' id='word_1_252' title='bbox 548 3675 577 3722; x_wconf 86' lang='lat' dir='ltr'>et</span> <span class='ocrx_word' id='word_1_253' title='bbox 592 3667 638 3741; x_wconf 90' lang='lat' dir='ltr'>qui</span> <span class='ocrx_word' id='word_1_254' title='bbox 653 3676 770 3724; x_wconf 85' lang='lat' dir='ltr'>vocatur</span> <span class='ocrx_word' id='word_1_255' title='bbox 784 3663 887 3730; x_wconf 86' lang='lat' dir='ltr'>Saron,</span> <span class='ocrx_word' id='word_1_256' title='bbox 903 3671 1085 3720; x_wconf 83' lang='lat' dir='ltr'>externarum</span> <span class='ocrx_word' id='word_1_257' title='bbox 1102 3659 1231 3736; x_wconf 87' lang='lat' dir='ltr'>gentium</span> <span class='ocrx_word' id='word_1_258' title='bbox 1245 3658 1308 3716; x_wconf 86' lang='lat' dir='ltr'>looa</span> 
     </span>
     <span class='ocr_line' id='line_1_31' title="bbox 208 3740 1307 3821; baseline -0.005 -20"><span class='ocrx_word' id='word_1_259' title='bbox 208 3755 299 3802; x_wconf 89' lang='lat' dir='ltr'>erant.</span> <span class='ocrx_word' id='word_1_260' title='bbox 338 3747 377 3802; x_wconf 86' lang='lat' dir='ltr'>Et</span> <span class='ocrx_word' id='word_1_261' title='bbox 390 3747 451 3804; x_wconf 85' lang='lat' dir='ltr'>haec</span> <span class='ocrx_word' id='word_1_262' title='bbox 466 3747 579 3821; x_wconf 89' lang='lat' dir='ltr'>quidem</span> <span class='ocrx_word' id='word_1_263' title='bbox 594 3747 629 3803; x_wconf 90' lang='lat' dir='ltr'>ad</span> <span class='ocrx_word' id='word_1_264' title='bbox 644 3748 780 3803; x_wconf 86' lang='lat' dir='ltr'>verbum:</span> <span class='ocrx_word' id='word_1_265' title='bbox 797 3746 961 3802; x_wconf 82' lang='lat' dir='ltr'>adsensum</span> <span class='ocrx_word' id='word_1_266' title='bbox 976 3761 1043 3800; x_wconf 86' lang='lat' dir='ltr'>vero</span> <span class='ocrx_word' id='word_1_267' title='bbox 1057 3740 1307 3816; x_wconf 80' lang='lat' dir='ltr'>interpretantibus</span> 
     </span>
     <span class='ocr_line' id='line_1_32' title="bbox 208 3820 1308 3902; baseline -0.006 -20"><span class='ocrx_word' id='word_1_268' title='bbox 208 3825 360 3882; x_wconf 86' lang='lat' dir='ltr'>dicendum</span> <span class='ocrx_word' id='word_1_269' title='bbox 374 3827 437 3893; x_wconf 86' lang='lat' dir='ltr'>erit,</span> <span class='ocrx_word' id='word_1_270' title='bbox 447 3827 523 3902; x_wconf 89' lang='lat' dir='ltr'>quod</span> <span class='ocrx_word' id='word_1_271' title='bbox 534 3827 554 3882; x_wconf 94' lang='lat' dir='ltr'>ii</span> <span class='ocrx_word' id='word_1_272' title='bbox 564 3827 612 3902; x_wconf 87' lang='lat' dir='ltr'>qni</span> <span class='ocrx_word' id='word_1_273' title='bbox 622 3828 699 3901; x_wconf 79' lang='lat' dir='ltr'>prius</span> <span class='ocrx_word' id='word_1_274' title='bbox 710 3825 811 3884; x_wconf 82' lang='lat' dir='ltr'>animis</span> <span class='ocrx_word' id='word_1_275' title='bbox 821 3824 952 3882; x_wconf 74' lang='lat' dir='ltr'>excaeati</span> <span class='ocrx_word' id='word_1_276' title='bbox 963 3833 1053 3892; x_wconf 84' lang='lat' dir='ltr'>ernut,</span> <span class='ocrx_word' id='word_1_277' title='bbox 1063 3823 1135 3880; x_wconf 84' lang='lat' dir='ltr'>adeo</span> <span class='ocrx_word' id='word_1_278' title='bbox 1146 3829 1178 3878; x_wconf 91' lang='lat' dir='ltr'>ut</span> <span class='ocrx_word' id='word_1_279' title='bbox 1189 3829 1218 3876; x_wconf 85' lang='lat' dir='ltr'>et</span> <span class='ocrx_word' id='word_1_280' title='bbox 1228 3820 1308 3895; x_wconf 86' lang='lat' dir='ltr'>ligna</span> 
     </span>
     <span class='ocr_line' id='line_1_33' title="bbox 208 3901 1308 3982; baseline -0.005 -20"><span class='ocrx_word' id='word_1_281' title='bbox 208 3915 238 3962; x_wconf 87' lang='lat' dir='ltr'>et</span> <span class='ocrx_word' id='word_1_282' title='bbox 252 3907 359 3982; x_wconf 80' lang='lat' dir='ltr'>lapidea</span> <span class='ocrx_word' id='word_1_283' title='bbox 373 3914 402 3963; x_wconf 90' lang='lat' dir='ltr'>et</span> <span class='ocrx_word' id='word_1_284' title='bbox 415 3907 551 3982; x_wconf 89' lang='lat' dir='ltr'>reliquam</span> <span class='ocrx_word' id='word_1_285' title='bbox 566 3907 667 3964; x_wconf 72' lang='lat' dir='ltr'>animia</span> <span class='ocrx_word' id='word_1_286' title='bbox 681 3915 825 3981; x_wconf 85' lang='lat' dir='ltr'>expertem</span> <span class='ocrx_word' id='word_1_287' title='bbox 846 3906 993 3962; x_wconf 83' lang='lat' dir='ltr'>materiam</span> <span class='ocrx_word' id='word_1_288' title='bbox 1012 3923 1065 3960; x_wconf 90' lang='lat' dir='ltr'>nec</span> <span class='ocrx_word' id='word_1_289' title='bbox 1085 3921 1142 3959; x_wconf 92' lang='lat' dir='ltr'>non</span> <span class='ocrx_word' id='word_1_290' title='bbox 1164 3901 1308 3958; x_wconf 75' lang='lat' dir='ltr'>damonae</span> 
     </span>
     <span class='ocr_line' id='line_1_34' title="bbox 209 3982 1308 4064; baseline -0.005 -22"><span class='ocrx_word' id='word_1_291' title='bbox 209 3987 314 4042; x_wconf 83' lang='lat' dir='ltr'>circum</span> <span class='ocrx_word' id='word_1_292' title='bbox 339 3996 444 4044; x_wconf 88' lang='lat' dir='ltr'>terram</span> <span class='ocrx_word' id='word_1_293' title='bbox 469 3997 615 4044; x_wconf 79' lang='lat' dir='ltr'>versantes</span> <span class='ocrx_word' id='word_1_294' title='bbox 638 3987 763 4061; x_wconf 81' lang='lat' dir='ltr'>aliosque</span> <span class='ocrx_word' id='word_1_295' title='bbox 787 3987 902 4060; x_wconf 78' lang='lat' dir='ltr'>spiritua</span> <span class='ocrx_word' id='word_1_296' title='bbox 926 3986 1095 4064; x_wconf 82' lang='lat' dir='ltr'>depravatos</span> <span class='ocrx_word' id='word_1_297' title='bbox 1120 3982 1183 4039; x_wconf 86' lang='lat' dir='ltr'>loco</span> <span class='ocrx_word' id='word_1_298' title='bbox 1205 3982 1308 4038; x_wconf 83' lang='lat' dir='ltr'>summi</span> 
     </span>
     <span class='ocr_line' id='line_1_35' title="bbox 209 4062 1306 4143; baseline -0.005 -20"><span class='ocrx_word' id='word_1_299' title='bbox 209 4066 265 4123; x_wconf 88' lang='lat' dir='ltr'>Dei</span> <span class='ocrx_word' id='word_1_300' title='bbox 285 4067 420 4134; x_wconf 85' lang='lat' dir='ltr'>colerent,</span> <span class='ocrx_word' id='word_1_301' title='bbox 445 4068 547 4143; x_wconf 86' lang='lat' dir='ltr'>quique</span> <span class='ocrx_word' id='word_1_302' title='bbox 568 4067 682 4124; x_wconf 82' lang='lat' dir='ltr'>auribus</span> <span class='ocrx_word' id='word_1_303' title='bbox 705 4065 899 4140; x_wconf 73' lang='lat' dir='ltr'>intelligentia</span> <span class='ocrx_word' id='word_1_304' title='bbox 921 4065 1128 4132; x_wconf 78' lang='lat' dir='ltr'>obsurduerant</span> <span class='ocrx_word' id='word_1_305' title='bbox 1151 4071 1180 4118; x_wconf 86' lang='lat' dir='ltr'>et</span> <span class='ocrx_word' id='word_1_306' title='bbox 1201 4062 1306 4120; x_wconf 83' lang='lat' dir='ltr'>olandi-</span> 
     </span>
     <span class='ocr_line' id='line_1_36' title="bbox 210 4144 1306 4222; baseline -0.005 -19"><span class='ocrx_word' id='word_1_307' title='bbox 210 4157 307 4204; x_wconf 84' lang='lat' dir='ltr'>oautes</span> <span class='ocrx_word' id='word_1_308' title='bbox 325 4149 467 4222; x_wconf 76' lang='lat' dir='ltr'>solutique</span> <span class='ocrx_word' id='word_1_309' title='bbox 487 4148 565 4205; x_wconf 88' lang='lat' dir='ltr'>omni</span> <span class='ocrx_word' id='word_1_310' title='bbox 580 4148 638 4204; x_wconf 83' lang='lat' dir='ltr'>vita</span> <span class='ocrx_word' id='word_1_311' title='bbox 658 4155 747 4211; x_wconf 84' lang='lat' dir='ltr'>eraut,</span> <span class='ocrx_word' id='word_1_312' title='bbox 762 4146 806 4202; x_wconf 80' lang='lat' dir='ltr'>his</span> <span class='ocrx_word' id='word_1_313' title='bbox 825 4147 957 4203; x_wconf 72' lang='lat' dir='ltr'>omuibus</span> <span class='ocrx_word' id='word_1_314' title='bbox 975 4145 1056 4202; x_wconf 83' lang='lat' dir='ltr'>maiia</span> <span class='ocrx_word' id='word_1_315' title='bbox 1070 4144 1186 4217; x_wconf 71' lang='lat' dir='ltr'>aliisque</span> <span class='ocrx_word' id='word_1_316' title='bbox 1200 4151 1229 4199; x_wconf 86' lang='lat' dir='ltr'>at</span> <span class='ocrx_word' id='word_1_317' title='bbox 1242 4160 1306 4216; x_wconf 89' lang='lat' dir='ltr'>per·</span> 
     </span>
     <span class='ocr_line' id='line_1_37' title="bbox 210 4221 1308 4304; baseline -0.005 -21"><span class='ocrx_word' id='word_1_318' title='bbox 210 4227 402 4285; x_wconf 73' lang='lat' dir='ltr'>turbationum</span> <span class='ocrx_word' id='word_1_319' title='bbox 427 4238 457 4286; x_wconf 86' lang='lat' dir='ltr'>et</span> <span class='ocrx_word' id='word_1_320' title='bbox 479 4227 679 4304; x_wconf 68' lang='lat' dir='ltr'>aegritudinum</span> <span class='ocrx_word' id='word_1_321' title='bbox 704 4225 855 4302; x_wconf 76' lang='lat' dir='ltr'>generibus</span> <span class='ocrx_word' id='word_1_322' title='bbox 878 4245 929 4301; x_wconf 88' lang='lat' dir='ltr'>per</span> <span class='ocrx_word' id='word_1_323' title='bbox 950 4223 1105 4284; x_wconf 76' lang='lat' dir='ltr'>salvatorio</span> <span class='ocrx_word' id='word_1_324' title='bbox 1125 4221 1217 4280; x_wconf 78' lang='lat' dir='ltr'>nostri</span> <span class='ocrx_word' id='word_1_325' title='bbox 1238 4221 1308 4278; x_wconf 81' lang='lat' dir='ltr'>Jeau</span> 
     </span>
     <span class='ocr_line' id='line_1_38' title="bbox 210 4301 1308 4378; baseline -0.003 -14"><span class='ocrx_word' id='word_1_326' title='bbox 210 4307 317 4366; x_wconf 76' lang='lat' dir='ltr'>Christi</span> <span class='ocrx_word' id='word_1_327' title='bbox 342 4309 498 4366; x_wconf 80' lang='lat' dir='ltr'>doctrinam</span> <span class='ocrx_word' id='word_1_328' title='bbox 520 4309 605 4366; x_wconf 82' lang='lat' dir='ltr'>etiam</span> <span class='ocrx_word' id='word_1_329' title='bbox 629 4327 704 4366; x_wconf 84' lang='lat' dir='ltr'>nunc</span> <span class='ocrx_word' id='word_1_330' title='bbox 728 4307 891 4372; x_wconf 81' lang='lat' dir='ltr'>liberantur,</span> <span class='ocrx_word' id='word_1_331' title='bbox 911 4317 941 4364; x_wconf 89' lang='lat' dir='ltr'>et</span> <span class='ocrx_word' id='word_1_332' title='bbox 962 4305 1052 4364; x_wconf 86' lang='lat' dir='ltr'>multo</span> <span class='ocrx_word' id='word_1_333' title='bbox 1073 4301 1308 4378; x_wconf 67' lang='lat' dir='ltr'>prestantiorem,</span> 
     </span>
    </p>
   </div>
   <div class='ocr_carea' id='block_1_6' title="bbox 0 0 1581 4720">
    <p class='ocr_par' dir='ltr' id='par_1_8' title="bbox 0 0 1581 4720">
     <span class='ocr_line' id='line_1_39' title="bbox 0 0 1581 4720; baseline 0 0"><span class='ocrx_word' id='word_1_334' title='bbox 0 0 1581 4720; x_wconf 95' lang='lat' dir='ltr'> </span> 
     </span>
    </p>
   </div>
  </div>
 </body>
</html>
