3130 4722
50 287 101 304 --
112 270 193 336 372.
435 257 663 324 DEMONST.
688 259 858 324 EVANG.
883 259 981 323 VIII.
1002 279 1028 321 Ι.
1244 261 1308 328 739

205 413 251 492 τὰ
277 414 437 518 πρόσθεν
464 420 547 517 ἡμῖν
573 422 812 518 ἀποδεδομένα
837 422 918 522 περὶ
942 424 1007 518 τῆς
1025 423 1144 525 φυλῆς
1162 415 1308 518 ἁπάσης

162 540 376 641 ςολέγεσθαι
395 552 509 624 ταῦτα
526 543 730 644 νοήσαιμεν.
795 549 893 643 Αὕτη
915 554 1005 647 γοῦν
1022 545 1247 650 ’ἐξαρχήθεα
1267 545 1311 651 ἐξ

205 667 322 746 αὐτῶν
349 675 421 748 τῶν
450 670 541 750 κατὰ
573 673 715 752 Μωσέα
747 672 896 776 χρόνων,
925 679 988 750 τοῦ
1020 668 1154 754 παντὸς
1186 670 1308 754 ἔθνους

205 791 383 894 ἡγήσατο·
418 796 509 875 κατὰ
536 806 625 897 γοῦν
654 795 720 897 τήν
747 797 878 897 ταύτης
905 796 1137 899 ἐπικράτειαν,
1166 799 1214 880 ὡς
1241 795 1308 874 ’ἂν

205 922 360 1023 ἀρχῆθεν
381 923 545 1023 ἡγεῖσθαι
566 925 903 1028 προκεχειρισμένης
922 921 990 1003 cirri>
1009 932 1073 1002 τοῦ
1092 925 1347 1020 &confluo-10

203 1047 286 1125 δαία
303 1081 341 1126 τε
360 1050 468 1128 είσέτι
488 1059 551 1130 νῦν
569 1050 641 1130 ἀπὸ
660 1055 723 1149 τῆς
737 1057 858 1157 φυλῆς
877 1051 921 1149 ’ἥ
937 1085 976 1129 τε
994 1051 1095 1155 χώρα
1114 1052 1304 1149 ἐπικέκλη-

202 1207 272 1268 ται,
300 1179 359 1252 καὶ
386 1172 428 1254 τὸ
460 1183 533 1254 πᾶν
560 1178 678 1256 αὐτῶν
705 1176 879 1277 σύστημα
905 1179 1087 1257 Ἰουδαίων
1115 1210 1303 1279 προσαγο-

201 1298 349 1400 ρεύεται.
409 1304 519 1380 Οὕτω
546 1303 664 1382 τοίνυν
692 1301 886 1403 νοήσαιμεν
913 1302 955 1383 τδ
981 1303 1185 1404 λεγόμενον,
1204 1307 1252 1384 ὡς
1277 1309 1306 1381 εἰ

202 1426 433 1532 σαφέστερον
468 1427 601 1528 ἔλεγεν,
634 1430 698 1508 οὐκ
731 1431 891 1534 ἐκλείψει
923 1437 986 1508 τοῦ
1018 1427 1153 1511 παντὸς
1184 1428 1345 1511 ἕθνουςις

162 1551 381 1652 μήγουμένη
409 1554 431 1651 ἡ
460 1562 523 1632 τοῦ
543 1555 661 1633 Ἰούδα
686 1553 798 1658 φυλή.
858 1557 906 1633 ‘0
930 1563 1019 1655 γοῦν
1047 1554 1253 1656 Σύμμαχος,
1273 1558 1420 1648 οὐμ37α

204 1677 495 1784 περιαιρεθήσεται,
519 1684 644 1786 φησίν,
670 1681 804 1787 ἐξουσία
831 1681 903 1760 oiri
923 1675 1046 1776 Ἰούδα,
1067 1677 1108 1758 ri>
1136 1679 1302 1784 ἐξουσια-

204 1803 330 1883 στικδν
363 1803 478 1904 δήπου
515 1809 573 1885 καί
609 1806 757 1910 ἀρχικὸν
788 1805 931 1911 ἀξίωμα
965 1809 1029 1903 τῆς
1066 1803 1156 1903 μετὰ
1194 1811 1306 1883 ταῦτα

206 1927 417 2028 ὑποστάσης
445 1937 509 2008 τοῦ
527 1930 645 2009 Ἰούδα
672 1935 792 2035 φυλῆς
819 1929 1010 2033 παριστᾶς.
1070 1929 1201 2023 Ταύτης
1229 1933 1306 2032 γοῦν

207 2053 276 2133 οὔτε
293 2053 330 2135 τί
347 2054 525 2160 σκῆπτρον,
541 2059 589 2139 ὡς
607 2055 800 2140 ὁἈκύλας
815 2059 920 2162 φησὶ,
931 2061 1126 2155 βασιλικῆς
1145 2054 1182 2136 δὲ
1201 2064 1328 2137 roseros

206 2178 396 2278 σύμβολον
423 2179 468 2280 ἦν
495 2186 619 2287 ἀρχῆς,
644 2181 713 2262 mire
738 2180 791 2275 τήν
816 2182 965 2288 ἐξουσίαν
992 2181 1083 2262 κατὰ
1110 2181 1173 2261 τδν
1202 2183 1303 2282 Σύμ-

205 2341 323 2410 μαχον
350 2306 645 2416 περιαιρεθήσετθαι
673 2306 839 2410 θεσπίζει,
870 2307 929 2394 ἕως
958 2307 998 2388 δν
1028 2307 1113 2424 ἔλθη,
1134 2307 1307 2416 &perimi

204 2433 396 2524 ἀπίκαται,
437 2442 497 2514 καὶ
534 2431 656 2515 ιἀύτδν
694 2434 826 2515 ἔσεσθαι
864 2433 925 2514 niv
962 2433 1050 2515 ι’θιῶν
1089 2431 1302 2541 προσδοκίαν.
1316 2472 1345 2506 ιο

158 2586 195 2635 ³⁵
206 2560 322 2638 Ποίαν
352 2559 485 2660 ταύτην
511 2562 742 2664 προσδοκίαν,
769 2560 793 2660 ἢ
821 2560 887 2660 τὴν
912 2559 1028 2640 πάλαι
1055 2567 1107 2666 τῷ
1133 2559 1306 2662 Ἀβραὰμ

205 2688 264 2764 καὶ
282 2692 354 2770 τοῖς
369 2687 444 2784 μετ’
457 2686 565 2766 αὐτὸν
578 2685 807 2790 προπάτορσι
820 2685 1169 2790 κεχρηματισμένην;
1197 2692 1305 2788 Πρῶ-

204 2862 356 2936 Υᾶρχῆθεν]
374 2864 515 2936 ίξαρχῆθεν
530 2866 558 2919 Ρ.
628 2865 754 2922 ιδνοιιι.
770 2867 799 2921 S.
870 2865 959 2938 ιήγι]
977 2865 995 2934 ή
1004 2886 1033 2919 re
1048 2867 1077 2919 P.
1143 2861 1258 2920 1ἀὐτῶν
1272 2866 1303 2920 P.

203 3009 272 3076 ejus,
288 3007 337 3063 ced
352 3025 386 3064 ee
399 3026 461 3081 quae
476 3007 512 3064 nd
526 3009 602 3065 huuc
615 3009 708 3066 locum
728 3009 870 3084 pertinent
890 3027 947 3066 uno
965 3008 1114 3067 dumtaxat
1127 3008 1213 3066 modo
1235 3028 1303 3067 con-

204 3095 279 3143 stare
293 3105 386 3161 posse,
400 3089 424 3144 ei
438 3089 593 3145 secundum
608 3108 651 3154 en,
665 3109 728 3164 qum
743 3090 820 3163 prius
834 3108 850 3146 a
864 3089 946 3147 nobie
960 3090 996 3146 de
1011 3097 1073 3148 tote
1085 3091 1162 3148 tribu
1175 3091 1305 3165 expositu

204 3174 281 3231 eunt,
303 3167 364 3224 haec
386 3169 447 3243 ipen
468 3169 652 3245 intelligendo
675 3189 737 3226 esee
760 3171 923 3227 dixerimus.
967 3171 1038 3228 Haec
1062 3171 1138 3228 enim
1156 3173 1246 3228 tribue
1267 3173 1304 3229 eb

203 3245 284 3304 initio
298 3257 327 3304 et
341 3248 377 3305 eb
391 3249 479 3323 ipsius
493 3269 583 3324 usque
596 3250 675 3307 Moci
692 3251 867 3326 temporibus
890 3251 1026 3308 univereae
1045 3253 1141 3326 gentis
1159 3253 1218 3309 dux
1232 3251 1303 3309 fuit:

203 3327 298 3402 itaque
320 3330 474 3386 secuudum
493 3331 578 3406 hujus
598 3330 796 3408 principatum,
814 3339 912 3405 utpote
934 3350 1017 3405 quam
1036 3332 1115 3389 Deus
1136 3333 1246 3389 caeteris
1266 3333 1303 3389 ab

203 3407 283 3464 initio
297 3407 465 3483 praefecerit,
480 3419 509 3467 et
530 3411 591 3486 ipsu
611 3411 690 3486 regio
711 3411 797 3469 etiam
818 3430 893 3468 nunc
913 3411 949 3468 ab
969 3430 1003 3468 ea
1021 3412 1082 3485 ipen
1102 3411 1178 3468 tribu
1194 3412 1302 3468 Judaeae

202 3489 370 3546 vocabulum
386 3489 505 3555 obtinet.
516 3492 646 3548 etomnie
660 3492 771 3549 illorum
785 3501 942 3550 conventus
955 3491 974 3547 J
976 3491 1120 3548 udaeorum
1134 3491 1301 3565 appellatur.

203 3567 252 3625 Sic
273 3569 361 3644 igitur
385 3569 578 3646 intelligemus
600 3573 676 3647 quod
701 3573 807 3629 dictum
835 3581 888 3637 est,
910 3579 1045 3645 tanquam
1073 3571 1097 3627 ei
1126 3569 1302 3628 manifestius

203 3648 331 3713 dixieeet,
346 3668 404 3706 nou
419 3651 529 3708 desinet
542 3653 597 3708 toti
610 3653 691 3727 genti
705 3671 825 3727 praeesse
838 3651 929 3709 tribus
946 3651 1031 3718 Juda,
1046 3670 1082 3707 ex
1096 3669 1152 3724 quo
1169 3649 1300 3724 Symma-

202 3729 284 3795 chus,
300 3731 363 3786 Non
379 3731 528 3805 auferetur,
543 3732 644 3807 iuquit,
654 3741 778 3808 potestas
791 3735 825 3788 de
837 3733 923 3797 ludu,
938 3731 979 3788 sic
999 3731 1095 3805 utique
1113 3730 1186 3805 juris
1206 3731 1301 3804 cujus-

203 3809 269 3866 dem
290 3809 434 3884 amplioris
453 3821 483 3869 et
503 3813 676 3888 principatus
697 3813 896 3870 authoritatem
918 3811 988 3885 ejus,
1004 3830 1065 3885 quae
1087 3819 1186 3885 postea
1207 3810 1302 3868 futuro

202 3898 278 3946 esset
292 3891 381 3948 tribue
394 3892 478 3958 Juda.
494 3893 575 3950 nobis
590 3893 803 3968 intelligendam
818 3909 989 3968 proponens.
1020 3887 1109 3962 Hujus
1123 3891 1202 3956 enirn,
1217 3910 1302 3966 neque

201 3977 345 4045 sceptrum,
361 3979 393 4027 ut
406 3972 518 4047 Aquila,
532 3973 633 4048 inquit,
646 3973 729 4048 (regii
743 3991 829 4047 porro
842 3971 1015 4047 principatus
1030 3971 1143 4046 signum
1157 3971 1212 4028 hoc
1226 3975 1299 4044 erat)

201 4069 285 4124 neque
296 4059 465 4123 potestatem,
476 4066 508 4110 ut
519 4053 717 4128 Symmachus,
727 4054 862 4110 subtatum
873 4051 909 4108 iri
918 4050 1095 4119 vaticinetur,
1105 4053 1187 4109 donec
1200 4054 1300 4118 veniat.

202 4130 300 4204 iuquit,
315 4134 359 4187 cui
373 4137 520 4207 repositum
534 4143 584 4200 eet,
598 4142 678 4208 atque
690 4133 851 4210 ipsumsore
865 4132 1073 4206 expectationem
1087 4135 1219 4206 gentium.
1243 4132 1301 4190 Sed

200 4229 285 4284 quam
299 4212 414 4269 taudem
429 4214 663 4288 expectationem,
679 4213 733 4270 nisi
747 4213 782 4270 de
796 4231 851 4287 qua
865 4211 931 4268 olim
946 4221 975 4268 et
989 4212 1042 4288 ipsi
1056 4213 1209 4278 Abraham,
1223 4222 1252 4269 et
1266 4214 1301 4269 iis

201 4291 249 4366 qui
268 4291 414 4349 Abrohom
437 4295 526 4351 secuti
548 4303 614 4351 sunt
639 4295 775 4369 patribus,
795 4293 908 4350 oracula
932 4293 1042 4350 reddito
1064 4293 1151 4350 eunt?
1175 4292 1301 4348 Primum

730 4391 803 4445 rso
