3132 4714
59 273 191 342 -332
439 259 668 326 DEMONS'I'.
692 259 861 326 EVANG.
886 260 967 326 VII.
986 283 1012 325 1.
1244 261 1308 328 663

204 429 314 516 λεται,
341 418 415 524 ὥρα
442 423 526 521 ἡμῖν
553 422 662 504 αὐτὸν
689 423 944 520 ἀποδεικνύναι,
970 425 1022 506 τίς
1050 423 1195 504 πώποτε
1223 427 1305 526 παρ’

204 547 321 630 αι’σοῖς
339 547 573 648 Ἑμμανονὴλ
591 550 725 652 γέγονε,
746 555 804 629 καὶ
827 555 905 633 πῶς
931 551 950 627 ὁ
974 548 1162 654 προφήτης
1184 583 1306 653 προσ·

204 675 293 770 ῆλθε
325 670 416 775 πρὸς
447 672 513 774 τὴν
545 679 738 782 προφῆτιν,
766 679 825 756 καὶ
858 677 937 756 τίνα
967 674 1110 774 ταύτην,
1141 680 1200 756 καὶ
1230 683 1307 761 πῶς
1319 713 1350 747 10

204 802 424 903 παραχρῆμα
443 799 638 900 συνέλαβε,
657 804 714 881 καὶ
732 803 786 888 τίς
804 803 824 881 ὁ
843 804 882 882 ἐκ
899 805 963 900 τῆς
979 800 1200 908 προφήτιδος
1218 805 1308 883 ἀπο-

203 931 340 1029 τεχθεὶς
359 925 441 1024 νῖὸς,
456 923 486 1034 ᾧ
504 925 610 1012 αὐτὸς
629 929 649 1005 ὁ
669 927 800 1027 Κύριος
817 925 1023 1005 ἐπιτέθειται
1041 925 1153 1024 ὄνομα
1171 925 1308 1023 ταχέας

203 1050 396 1143 σκόλινσιι,
417 1051 515 1160 ὀξέως
533 1053 756 1159 πριιῖμευσιι,
776 1055 835 1132 καὶ
852 1053 945 1151 τίςῆ
968 1053 1061 1131 αἰτία
1081 1053 1145 1150 τῆς
1162 1055 1338 1132 τοιᾶσδεῑ)

147 1185 268 1257 ueros}
295 1179 479 1282 τεχθέντος
507 1181 767 1281 προσηγορίας.
826 1179 1082 1259 Δεικνύτωσαν
1110 1178 1148 1256 δὲ
1179 1183 1237 1257 καὶ
1265 1177 1307 1258 τὸ

206 1307 290 1407 πρὶν
307 1301 332 1403 ip
352 1312 484 1405 γνῶναι
506 1305 548 1385 τὸ
567 1307 708 1386 παιδίον
726 1312 848 1385 καλεῖν
866 1305 1002 1408 πατέρα
1020 1303 1061 1405 ’ῆ
1079 1303 1224 1406 μητέρα,
1242 1302 1309 1402 τῆν

204 1427 343 1536 δύναμιν
371 1430 547 1538 εἰληφότα
571 1436 769 1538 Δαμασκοῦ
798 1444 858 1512 καὶ
887 1429 934 1512 τῖι
962 1434 1079 1510 σκῦλα
1108 1433 1331 1537 Σαμαρεῖαςς

206 1557 307 1638 έναιτι
324 1560 502 1650 βασιλέως
519 1545 706 1666 Ἀσσυρῖσν.
762 1561 889 1657 Ἡμεῖς
908 1557 981 1659 γὰρ
998 1563 1112 1635 ταῦτα
1136 1558 1195 1634 καὶ
1217 1553 1309 1658 πρὸς

205 1683 306 1790 λέξιν
340 1689 398 1765 καὶ
434 1691 610 1788 τροπικῶς
647 1682 885 1791 ἐξειληφότες,
918 1687 1181 1785 πεπληρῶσθαι
1218 1679 1309 1760 αὐτὰ

205 1813 386 1912 δείκνυμεν
412 1814 470 1891 ἐπὶ
496 1816 560 1911 τῆς
587 1819 651 1891 τοῦ
682 1815 849 1911 Σωτῆρος
878 1811 977 1908 ἡμῶν
1002 1806 1186 1909 γενέσεως,
1210 1843 1305 1912 παρ-

206 1941 375 2019 ιστῶισες
400 1935 481 2014 τοτὲ
504 1934 570 2034 μὲν
590 1939 706 2039 ῥητῶς
731 1932 824 2014 κατὰ
847 1933 913 2034 τῆν
931 1931 1122 2038 πρόχειρον
1140 1933 1306 2031 διάνοιαν,

205 2059 285 2139 τοτὲ
321 2059 359 2139 δὲ
394 2068 570 2163 τροπικῶς
602 2065 673 2140 δεῖν
705 2060 916 2155 ἐπιβάλλειν
947 2066 1024 2142 ταῖς
1060 2060 1302 2164 προφητείαις.
1318 2092 1348 2126 ¹0

149 2187 341 2266 Π4Αὐτίκα
369 2187 452 2292 ἑξῆς
478 2193 555 2269 ταῖς
581 2187 847 2290 προειρημέναις
866 2193 1002 2292 φωναῖς
1026 2187 1069 2264 δι’
1090 2183 1332 2287 αῖνιγμθτωνθ

182 2313 305 2397 ἀὖθις
322 2315 533 2414 ε’πιλεγεται,

256 2454 326 2525 Καὶ
343 2457 532 2552 προσέθετο
550 2454 672 2551 Κύριος
687 2455 836 2536 λαλῆσαί
857 2485 914 2536 μοι
939 2454 1000 2536 ἔτι,
1018 2451 1070 2524 διὰ
1095 2452 1138 2525 τῶ
1160 2455 1205 2538 μῆ
1228 2456 1308 2542 βού-

206 2574 324 2666 λεσθαι
341 2569 401 2641 τὸν
413 2568 497 2640 λαὸν
512 2575 634 2640 τοῦτον
645 2567 689 2640 τὸ
706 2567 787 2665 ὕδωρ
804 2574 865 2639 'rou'
881 2567 1014 2651 Σιλωὰμ
1031 2566 1075 2639 τὸ
1092 2568 1308 2665 πορευόμενον

209 2687 321 2781 ἡσυχῆ,
352 2683 442 2755 ἀλλὰ
472 2685 655 2772 βούλεσθαι
682 2684 769 2780 ἔχειν
797 2681 858 2755 τῶν
882 2683 1042 2764 Ῥαασῖμ,
1071 2683 1123 2752 καὶ
1153 2680 1214 2753 τῶν
1242 2680 1329 2756 vitius

206 2799 392 2888 Ῥομελῖου,
411 2797 462 2871 διὰ
485 2805 589 2870 τοῦτο
613 2797 680 2870 ι’δοῖι
698 2797 820 2894 Κύριος
842 2795 956 2889 ἀνάγει
980 2797 1036 2892 ἐφ’
1053 2797 1132 2878 ὑμῶς
1156 2793 1199 2866 τὸ
1224 2793 1306 2892 ὕδωρ

672 2970 688 3002 ⁸
702 2961 755 3033 tol]
773 2960 788 3030 ἣ
804 2962 834 3015 Ρ.

207 3108 319 3174 bere‚is
340 3124 436 3181 quaeso
456 3104 538 3162 nobis
559 3105 779 3178 ostendatque
800 3123 924 3179 uuquam
945 3106 1020 3180 apud
1040 3105 1118 3180 ipsos
1136 3106 1306 3164 Emmanuel

206 3189 298 3254 inerit,
322 3197 353 3244 et
377 3187 519 3260 quomodo
546 3185 686 3261 propheta
712 3185 748 3240 ed
775 3185 983 3259 prophetissam
1007 3187 1166 3252 accesserit,
1189 3195 1219 3244 et
1243 3205 1306 3262 quae

206 3269 319 3326 tandem
335 3285 370 3323 ea
382 3267 429 3332 sit,
444 3275 473 3323 et
488 3265 632 3340 quomodo
646 3264 797 3340 evestigio
817 3265 987 3338 conceperit,
1002 3274 1032 3323 et
1046 3267 1174 3341 quisnam
1193 3266 1247 3324 iste
1268 3285 1306 3324 ex

205 3347 384 3424 prophetissa
396 3355 481 3404 natus
494 3346 578 3410 filius,
590 3346 634 3402 cni
649 3363 754 3402 nomen
763 3345 824 3419 ipse
833 3344 975 3402 Dominus
989 3346 1164 3419 imposuerit,
1178 3346 1306 3404 Celeriter

205 3428 319 3485 detrole
336 3428 433 3504 spolio,
448 3427 502 3483 cito
518 3428 652 3501 predere,
668 3433 697 3482 et
717 3443 846 3499 quanam
867 3425 904 3480 ait
924 3443 1010 3481 ceusu
1029 3425 1157 3498 hujusce,
1172 3426 1234 3498 ejus
1256 3425 1304 3498 qui

205 3507 357 3570 notuerit,
383 3507 587 3582 appellationis.
631 3505 794 3562 Ostendant
817 3513 955 3579 praterea
977 3505 1048 3562 illud
1071 3504 1139 3578 quid
1160 3503 1207 3569 sit,
1226 3504 1306 3578 prius

206 3607 290 3664 quam
305 3587 377 3644 sciat
390 3605 461 3660 puer
472 3605 573 3644 vocare
586 3593 697 3661 patrem
712 3593 761 3642 ant
775 3595 903 3649 matrem,
914 3591 1072 3657 potestatem
1087 3582 1229 3657 accepisse
1239 3583 1305 3641 Da·

206 3669 298 3736 ιιισιςῖ,
313 3675 341 3724 et
353 3666 444 3740 opalia
459 3667 593 3724 Samariae
606 3683 698 3722 eorum
719 3684 782 3738 rege
796 3666 982 3740 Assyriorum.
1024 3665 1088 3721 Nos
1106 3664 1182 3721 enirn
1201 3663 1257 3720 ista
1276 3672 1306 3721 et

205 3748 373 3806 adverbum
393 3755 423 3804 et
443 3749 563 3821 figurate
577 3745 756 3822 accipientes,
768 3746 829 3819 jans
850 3763 926 3801 nune
943 3744 1085 3820 completa
1104 3763 1166 3800 esse
1187 3743 1306 3800 demon·

205 3839 328 3886 ammos
341 3828 371 3884 in
385 3835 451 3884 ortu
466 3825 622 3884 Salvatoris
634 3826 735 3890 nostri,
750 3825 853 3900 quippe
864 3825 912 3899 qui
925 3825 995 3882 illud
1010 3825 1078 3882 item
1099 3825 1306 3882 ostenderimus

205 3909 274 3966 alios
301 3907 416 3982 quidem
447 3907 483 3964 ad
510 3907 627 3964 verbum
656 3913 686 3963 et
715 3905 870 3963 secondum
898 3923 961 3962 eum
989 3905 1158 3963 sententiam
1186 3923 1248 3980 quse
1275 3905 1306 3962 in

205 3997 338 4063 promptu
354 3987 400 4051 ait,
415 3987 484 4044 alias
496 4006 564 4044 vero
578 3988 700 4062 figurate
714 3995 845 4060 oportere
866 3985 896 4041 in
916 3985 992 4060 ipsus
1012 3985 1176 4061 prophetiae
1196 3987 1305 4043 incum-

205 4069 291 4126 bere:
314 4068 451 4124 continno
471 4086 593 4143 namque
617 4075 682 4141 post
705 4085 752 4123 eas
774 4085 835 4141 quae
860 4073 944 4121 antea
964 4064 1048 4122 dicte
1064 4075 1131 4124 sunt
1148 4085 1233 4124 voees
1254 4084 1305 4140 per

205 4149 384 4206 obsmriores
405 4148 540 4221 quasdam
562 4147 669 4222 figuras
689 4146 871 4220 adjungitur:
894 4144 937 4200 Et
954 4144 1056 4216 adjecit
1070 4148 1209 4204 Dominus
1230 4144 1306 4220 loqui
1348 4153 1439 4202 Ms-

205 4231 242 4285 ad
254 4247 296 4287 me
308 4229 409 4292 adhue,
423 4247 454 4284 ιο
467 4231 539 4304 quoct
559 4228 627 4284 nolit
646 4228 765 4303 populus
778 4229 830 4283 iste
843 4242 941 4297 aquom
957 4225 1071 4294 Siloam,
1086 4245 1143 4300 quo
1156 4227 1231 4284 ναθὶι
1245 4243 1306 4282 ενοι

204 4311 321 4375 silentio,
342 4311 390 4365 sed
409 4307 476 4366 uelit
497 4309 593 4366 habere
616 4307 755 4371 Βλακείας,
770 4314 796 4361 et
819 4305 905 4363 filium
920 4304 1075 4362 Rhomelioe.
1120 4307 1226 4362 ideirco
1247 4323 1306 4360 ecoe
