3120 4716
262 225 327 292 σοι
709 223 897 290 eusnnn
1345 220 1511 305 Με-

261 363 529 483 παρατεθεισῶν
551 388 778 487 προφητειῶν
802 383 861 461 καὶ
887 382 987 460 αὐτοὶ
1008 377 1072 459 τὸν
1091 376 1254 482 Χριστὸν
1279 380 1368 479 ὁρᾶν

262 509 517 607 ὁμολογοῦσιν,
533 507 609 610 ὥρα
633 508 751 609 λέγειν
776 509 835 586 καὶ
859 506 1138 604 πυνθανομένοις
1161 505 1246 603 ἡμῖν
1270 506 1363 582 ἀπο·
1378 531 1406 580 ¹⁵

261 632 462 734 κρίνασθαι,
480 639 556 716 πῶς
575 631 705 712 οἷόντε
725 635 784 736 ὑφ’
805 632 868 712 ἕνα
885 635 943 712 καὶ
959 631 1023 711 τὸν
1042 631 1150 710 αὑτὸν
1168 627 1290 733 καιρὸν
1308 632 1368 708 καὶ

261 756 331 836 ὑπὸ
360 759 446 855 μίαν
475 759 602 864 ἄφιξιν
631 761 690 839 ἐπὶ
722 763 883 863 νεφελῶν
915 760 1067 860 ούρανοῦ
1094 757 1270 863 φέρεσθαι
1300 754 1366 835 τὸν

261 881 379 978 αὐτὸν,
398 889 456 962 καὶ
475 886 532 964 ἐπὶ
556 885 744 986 ὑποζυγίου
770 887 828 962 καὶ
855 881 982 962 πῶλου
1004 882 1082 962 νέου
1100 868 1275 986 ύχεΐσθαι·
1306 883 1406 962 ε’πὶΡ·
1415 897 1483 964 457
1525 875 1528 878 ¹

238 1009 358 1089 ιπολύ
385 1009 457 1112 γὰρ
485 1018 597 1090 ταῦτα
625 1009 807 1110 διέστηκεν
835 1009 1021 1109 ἀλλήλων.
1083 1012 1226 1109 Μυρίας
1249 1009 1278 1087 d
1300 1009 1365 1087 οὖν

260 1134 423 1219 τοιαύτας
441 1140 500 1217 καὶ
525 1137 643 1218 ἄλλας
661 1139 742 1238 περὶ
766 1143 830 1214 τοῦ
855 1139 1019 1236 Χριστοῦ
1037 1136 1257 1239 προφητείας
1273 1168 1364 1214 συν-

259 1261 417 1364 αγαγὼν,
454 1265 623 1366 παραθείς
659 1295 699 1340 τε
735 1264 792 1340 καὶ
830 1259 1061 1362 συγκρούσας
1098 1257 1145 1339 τὰ
1181 1259 1361 1366 διαφόρως

259 1387 513 1488 σημαινόμενα,
547 1387 791 1489 ε’ναργείντατα
827 1384 1025 1491 καταλήψῃ
1062 1384 1160 1469 τινὰς
1196 1384 1260 1483 μέν
1296 1389 1386 1484 nire

258 1514 403 1615 πρώτης
430 1517 538 1595 αὐτοῦ
570 1513 770 1616 παρουσίας
797 1511 993 1611 δηλώματα
1018 1511 1263 1615 περιεχούσας,
1290 1545 1356 1591 πε·

257 1641 494 1743 πληρουμένας
519 1637 611 1719 κατὰ
633 1637 700 1738 τὴν
723 1637 870 1740 πρώτην
896 1635 1103 1742 ἐπιφάνειαν
1126 1637 1244 1735 αὐτοῦ,
1262 1636 1361 1721 τινὰς

258 1763 295 1842 δέ
314 1769 362 1847 είς
380 1763 446 1862 τὴν
472 1764 636 1867 δευτέραν
662 1761 770 1842 αὐτοῦ
796 1766 853 1842 καὶ
871 1762 1016 1868 ἔνδοξον
1034 1763 1160 1869 ἄφιξιν
1177 1764 1358 1868 ἀναφερο-

234 1885 374 1987 9μένας.
407 1889 681 1996 Ἐξωλὸθρενσε
698 1886 770 1990 γὰρ
788 1886 994 1987 λεληθότως
1012 1885 1155 1989 ἅρματα
1172 1891 1231 1966 καὶ
1248 1888 1359 1967 ἵππον
1371 1920 1402 1956 ¹0

256 2016 314 2092 καὶ
341 2021 415 2093 πᾶν
439 2012 547 2120 τόξον
572 2013 767 2111 πολεμικὸν
793 2014 816 2111 ἡ
841 2022 904 2092 τοῦ
929 2016 1096 2114 Σωτῆρος
1121 2011 1220 2110 ἡμῶν
1241 2011 1359 2095 ἔνθεος

255 2137 401 2237 δύναμις
420 2140 511 2219 κατὰ
537 2139 603 2238 τὴν
627 2139 773 2242 πρώτην
791 2140 899 2219 αιἰτοῦ
919 2139 1122 2240 παρουσίαν
1140 2140 1179 2216 ἐκ
1197 2141 1260 2236 τῆς
1274 2158 1388 2222 coi-b

255 2264 495 2366 ματικωτέρας
512 2265 753 2367 Ἰερουσαλὴμ
777 2269 835 2344 καὶ
862 2273 925 2344 τοῦ
953 2264 1171 2359 καλουμένου
1195 2265 1357 2368 Ἐφραίμ

256 2399 359 2470 λαοῦ·
403 2390 457 2471 διὸ
485 2391 531 2498 ἐξ
559 2393 690 2472 ἐκείνου
718 2395 777 2470 καὶ
811 2397 860 2475 είς
892 2395 994 2493 δεῦρο
1021 2391 1086 2470 οὐκ
1113 2390 1164 2469 ἔτι
1196 2390 1356 2490 συνέστη

254 2517 371 2594 αύτῶν
384 2515 426 2597 τὸ
440 2519 639 2614 βασίλειον,
651 2517 730 2597 οὐδὲ
748 2517 771 2616 ἡ
788 2517 903 2596 πάλαι
920 2520 958 2596 έν
975 2515 1146 2614 πολέμοις
1165 2516 1355 2618 ἰσχύσασα

253 2641 462 2744 παρασκευή
481 2678 519 2723 τε
538 2645 731 2723 αὐτῶνκαὶ
756 2639 921 2740 ὁπλιτικὴ
946 2641 1102 2739 δύναμις.
1163 2646 1298 2724 Καλῶς
1316 2641 1378 2722 uls

217 2768 291 2844 ιοέν
308 2768 444 2853 τούτοις
462 2768 525 2849 τὸν
541 2766 660 2849 πάντα
677 2775 750 2848 τῶν
766 2770 947 2848 Ἰουδαίων
965 2766 1057 2847 λαὸν
1074 2769 1237 2874 Ἐφραίμ
1260 2768 1348 2848 ὠνό-

253 2983 346 3040 antur,
366 2974 461 3033 dicant
482 2997 577 3052 quaeeo
598 2988 628 3036 et
648 2979 889 3056 interrogantibus
909 2977 992 3036 nobie
1008 2980 1207 3054 respondeant,
1223 2980 1271 3056 qui
1291 2982 1352 3039 fieri

252 3055 342 3127 poenit
356 3062 387 3111 ut
401 3075 458 3112 uno
478 3057 634 3132 eodemque
655 3067 793 3136 tempore,
809 3061 861 3117 aub
883 3079 970 3116 uuuru
991 3062 1168 3135 eundemque
1188 3062 1350 3129 adventum,

251 3133 327 3189 idem
350 3135 429 3192 etin
455 3137 575 3194 nubibus
596 3139 660 3196 coeli
682 3140 798 3209 seratur,
819 3149 848 3198 et
866 3141 997 3216 jumento
1019 3141 1151 3216 pulloque
1172 3142 1352 3200 adolescente

251 3213 377 3272 insidens
400 3216 536 3274 vehatur:
567 3218 653 3295 louge
681 3221 756 3278 euim
784 3220 846 3278 hac
870 3240 888 3277 u
911 3239 942 3278 ee
969 3221 1091 3278 invicem
1112 3221 1229 3279 dietant
1272 3223 1350 3292 Quu-

251 3303 368 3370 propter
381 3295 404 3353 ai
418 3305 449 3353 tu
464 3316 575 3374 quoque
588 3300 806 3359 innumerabiles
821 3301 890 3358 alias
903 3301 948 3358 hie
962 3301 1068 3358 eimilea
1089 3302 1124 3359 de
1146 3301 1263 3360 Christo
1283 3321 1348 3378 pro-

250 3376 361 3450 phetiae
382 3377 531 3454 collegeris
551 3389 581 3437 et
602 3382 764 3446 contuleris,
786 3390 815 3439 et
836 3399 932 3439 eurum
955 3381 1115 3456 significate
1135 3381 1247 3440 diversa
1267 3384 1351 3440 eimul

250 3456 439 3524 contenderis,
456 3460 524 3516 elice
539 3461 652 3535 quidem
667 3481 762 3518 eurum
784 3463 909 3520 invenies
930 3462 1012 3536 primi
1032 3461 1106 3519 illiue
1125 3463 1264 3520 adventuo
1278 3464 1351 3520 vati·

250 3536 323 3592 clnia
337 3539 585 3613 comprehendere,
601 3560 663 3616 quae
684 3543 770 3599 etium
784 3543 836 3600 sub
850 3543 972 3600 eundem
984 3544 1106 3617 primum
1118 3543 1260 3617 completa
1272 3552 1349 3610 eunt,

249 3617 318 3673 aliae
333 3636 400 3675 vero
419 3619 456 3676 ad
477 3621 631 3677 secundum
650 3621 827 3697 eundemque
844 3622 999 3697 gloriosum
1014 3621 1112 3680 referri
1126 3632 1268 3696 oportere.
1310 3624 1350 3681 Et

249 3713 347 3754 currus
368 3699 443 3755 enirn
465 3707 494 3756 et
512 3719 614 3775 equum
636 3709 665 3758 et
684 3721 798 3758 omnem
819 3721 916 3759 arcum
932 3701 1062 3758 bellicum
1083 3702 1238 3760 Salvutorie
1258 3703 1350 3761 nostri

249 3775 344 3834 divina
357 3779 446 3837 virtue
468 3781 496 3836 in
518 3781 610 3856 priore
631 3781 719 3854 ipsius
738 3783 859 3840 adventu
881 3783 916 3840 de
934 3783 983 3839 illc
997 3783 1032 3839 ud
1047 3801 1149 3856 corpus
1162 3785 1349 3858 umbramque

248 3859 408 3930 pertinente
432 3860 610 3917 Hierusalem
634 3861 725 3935 deque
747 3882 781 3920 eo
805 3863 852 3937 qui
873 3863 1009 3937 Eplrnem
1033 3870 1152 3919 vocatur
1175 3864 1281 3937 populo
1305 3864 1347 3920 la·

247 3943 342 3992 tenter
356 3939 439 4013 ejecit
454 3959 486 3996 ec
500 3941 638 4016 perdidit:
660 3961 746 4015 quare
760 3961 795 4000 ex
810 3943 859 4000 illo
872 3943 908 3999 ed
922 3942 999 4000 hunc
1013 3961 1102 4017 unque
1116 3942 1190 3999 diem
1207 3962 1347 4017 nunquam

248 4015 368 4086 amplius
392 4019 504 4076 illorum
526 4022 608 4097 regie
631 4021 756 4096 dignitas
779 4031 900 4088 constat,
921 4039 1013 4099 neque
1034 4023 1189 4080 eorundem
1210 4024 1257 4098 qui
1278 4023 1347 4082 olim

247 4093 359 4151 valebat
378 4096 406 4150 in
425 4097 506 4154 bellio
521 4109 671 4174 apparatus
686 4110 714 4159 et
728 4104 757 4160 in
771 4105 857 4161 armis
871 4103 968 4160 virtue.
1012 4103 1161 4178 Sapienter
1175 4121 1243 4161 vero
1258 4105 1347 4162 inhia

247 4185 360 4225 omnem
375 4173 393 4226 J
396 4173 524 4230 udaicum
538 4180 672 4252 populum
687 4181 820 4255 Ephraem
834 4183 1001 4248 nominavit,
1016 4203 1074 4240 non
1089 4189 1184 4240 autem
1199 4185 1295 4250 lsrael,
1310 4203 1347 4242 ue

247 4249 427 4304 veneratione
440 4250 585 4322 digniores
599 4259 785 4318 calumnietur
799 4261 1009 4336 appellationes.
1052 4264 1182 4321 Invenies
1199 4273 1294 4322 eutem
1315 4264 1346 4322 in
