3108 4708
419 200 646 264 DEMONST.
670 199 840 266 EVANG.
866 201 950 265 LIB.
974 202 1054 266 XV.
1199 204 1281 268 1011

184 371 232 449 είς
263 365 469 467 καθαίρεσιν
498 375 562 444 τοῦ
594 369 631 445 ἐν
663 367 759 471 αύτῷ
787 364 913 471 τύφου,
942 368 1000 445 καὶ
1029 371 1077 448 είς
1106 365 1147 445 τὸ
1174 364 1284 466 μηδὲν

184 493 351 594 ἡγείσθω
369 491 516 588 βέβαιον
533 491 575 571 τὸ
590 493 628 570 ε’ν
645 491 854 594 ἀνθρώποις,
873 490 897 591 ἢ
914 490 1025 591 μόνον
1046 491 1088 571 τὸ
1112 494 1170 571 ἐπὶ
1193 493 1284 572 πάν-

184 652 258 698 των
281 616 386 702 τε’λος
411 623 474 717 τῆς
496 627 561 698 τοῦ
586 623 682 698 θεοῦ
709 619 908 712 βασιλείας·
938 617 1087 698 ἔσεσθαι
1106 617 1177 720 γὰρ
1194 618 1285 714 μετὰ

184 742 251 842 τὴν
277 744 423 846 πρώτην
445 745 656 847 Ἀσσυρίων
685 742 811 848 ἀρχὴν,
839 742 883 843 ἢν
915 746 936 823 ὁ
963 742 1100 848 χρυσὸς
1127 745 1283 850 ᾐνίξατο,

185 870 350 972 δευτέραν
373 872 439 970 τὴν
463 879 536 952 τῶν
561 877 727 973 Περσῶν,
744 868 810 970 τὴν
836 870 895 950 διὰ
918 879 982 950 τοῦ
1005 871 1162 973 ἀργύρου
1184 871 1284 970 δεδη-

186 995 361 1095 λωμένην·
408 997 527 1078 ἔπειτα
562 997 684 1098 τρίτην
717 996 783 1096 τὴν
815 1003 887 1076 τῶν
922 994 1150 1092 Μακεδόνων,
1183 994 1228 1096 ἦν
1264 999 1285 1076 ὁ

185 1119 321 1224 χαλκὸς
353 1121 520 1224 ε’σήρανε·
555 1125 639 1223 μεθ’
668 1122 712 1222 ἣν
744 1123 915 1226 τετάρτην
948 1121 1179 1229 διαδέξασθαι
1213 1129 1285 1202 τῶν

183 1247 382 1345 Ῥωμαίων,
400 1250 661 1352 κραταιαπίρωι
686 1251 800 1330 οὖσαν
824 1255 896 1330 τῶν
918 1246 990 1351 πρὸ
1014 1249 1131 1347 αιἰτῆς,
1151 1244 1205 1327 διὸ
1227 1254 1285 1328 καὶ

96 1425 103 1432 -
184 1372 323 1480 σιδήρῳ
349 1376 613 1478 παρεβάλλετο·
644 1377 760 1479 εἴρητο
786 1384 874 1477 γοῦν
902 1379 960 1456 καὶ
985 1379 1066 1478 περὶ
1090 1375 1208 1473 αὐτῆς,
1227 1378 1286 1455 καί

184 1501 358 1591 βασιλεία
378 1500 528 1603 τετάρτη
553 1503 655 1582 ἔσται
680 1501 814 1607 ἰσχυρὰ
832 1506 880 1586 ὡς
898 1503 1055 1604 σίδηρος·
1085 1499 1127 1579 ὃν
1151 1497 1285 1602 τρόπον

185 1623 207 1700 ὃ
238 1623 385 1726 σίδηρος
417 1627 580 1707 λεπτύνει
612 1630 670 1707 καὶ
700 1625 843 1731 δαμάζει
870 1626 1000 1724 πάντα,
1028 1630 1140 1710 οὕτως
1166 1624 1286 1706 πάντα

186 1757 355 1830 λεπτυνεῖ
375 1755 433 1832 καὶ
459 1752 622 1850 δαμάσει·
652 1757 710 1835 καὶ
735 1753 827 1853 μετὰ
850 1754 913 1838 τὰς
935 1755 1116 1857 εἰρημένας
1141 1751 1287 1838 ἁπάσας

186 1874 252 1972 τὴν
265 1885 329 1955 τοῦ
342 1882 439 1956 Θεοῦ
451 1882 644 1971 βασιλείαν
660 1880 717 1961 διὰ
735 1890 800 1961 τοῦ
813 1882 1068 1983 συντρίβοντος
1081 1880 1147 1979 τὴν
1161 1885 1287 1959 πᾶσαν

186 1997 304 2079 είκόνα
336 2003 441 2083 λίθου
472 2007 752 2106 παρισταμένην·
795 2009 853 2086 καὶ
885 2007 906 2084 ό
933 2004 1122 2109 προφήτης
1152 2005 1287 2084 τούτων

185 2127 393 2211 ἀκολούθως
411 2128 476 2228 τὴν
494 2132 551 2209 ε’πὶ
569 2130 663 2210 τέλει
682 2140 746 2211 τοῦ
768 2139 840 2210 τῶν
865 2131 962 2210 ὅλων
981 2136 1077 2211 Θεοῦ
1094 2131 1287 2224 βασιλείαν

186 2252 229 2329 ού
255 2252 430 2356 πρότερον
460 2262 590 2358 θεωρεῖ,
618 2256 641 2356 ἢ
669 2255 734 2341 τὰς
761 2255 943 2357 εἰρημένας
970 2255 1154 2358 τέσσαρας
1182 2257 1288 2335 δυνα-

185 2379 309 2462 στείας
327 2381 526 2486 διαγράψαι
544 2381 738 2483 τὸνλόγον
760 2381 820 2461 διὰ
839 2387 912 2460 τῶν
931 2381 1122 2483 τεσσάρων
1141 2381 1285 2482 θηρίων·

186 2501 322 2581 τούτων
352 2504 390 2585 δὲ
420 2513 493 2585 τῶν
524 2508 716 2610 τεσσάρων
747 2514 947 2602 βασιλειῶν
974 2507 1093 2606 μόνων
1121 2510 1179 2585 καὶ
1209 2505 1288 2585 οὐδὲ

185 2628 314 2729 ἑτέρων
345 2631 498 2732 ἡγοῦμαι
527 2633 591 2717 τὰς
623 2634 766 2736 ὁράσεις
798 2636 856 2712 καὶ
889 2637 941 2738 τῷ
970 2639 1123 2724 βασιλεῖ
1148 2634 1206 2709 καὶ
1236 2638 1288 2736 τῷ

187 2753 357 2858 προφήτῃ
382 2757 556 2860 δεδεῖχθαι
582 2757 639 2836 διὰ
666 2757 708 2839 τὸ
731 2759 875 2841 ταύταις
905 2759 1219 2854 καταδουλωθῆναι
1245 2755 1286 2836 τὸ

186 2879 368 2960 Ἰουδαίων
385 2882 485 2967 ἔθνος
502 2884 575 2963 άπὸ
592 2892 664 2964 τῶν
683 2895 746 2965 τοῦ
763 2882 952 2989 προφήτου
970 2880 1118 2985 χρόνων.
