3130 4722
249 233 313 300 rsa
699 229 885 295 ausaarr
1327 225 1506 308 p.3o3-
1554 299 1555 302 Ν

248 398 349 478 ἀλλα
368 398 405 477 δὲ
423 406 496 478 τῶν
514 400 631 478 αὐτῶν
650 396 923 488 ’ὑποβάλλουσι
942 403 1074 494 σημεῖα
1092 393 1241 498 χρόνων,
1254 397 1374 490 τλῆ-5

249 532 311 610 θος
339 523 486 626 εἰρήνης,
505 526 616 604 ἐθνῶν
642 528 706 623 τῆς
732 523 777 628 ἐξ
798 528 924 606 αίῶνος
951 523 1026 602 κατ’
1050 521 1151 603 ἔθνος
1175 523 1233 598 καὶ
1258 518 1351 597 κατὰ

248 649 358 731 πόλιν
379 649 575 754 τοπαρχίαις
600 652 659 729 καὶ
677 649 918 752 “πολυαρχίας
936 649 1129 748 ἀναίρεσιν,
1148 649 1212 742 τῆς
1227 655 1345 724 πολυ-

249 777 331 857 θίου
359 779 416 856 καὶ
444 779 646 874 δαιμονικῆς
674 774 966 874 είδωλολατρείας
993 768 1243 875 ἀποστροφὴν,
1268 769 1345 847 ε’πί·

249 934 388 1001 γνωσιν
406 900 587 991 εὐσεβείας
601 898 679 984 ἑνὸς
692 908 756 979 τοῦ
773 901 830 979 ἐπὶ
847 897 994 978 πάντων
1012 901 1226 997 δημιουργοῦ
1240 899 1347 974 Θεοῦ.
1361 923 1397 956 ¹0

226 1031 376 1105 ιΤαῦτα
394 1026 456 1105 οῦν
479 1023 630 1121 ἅπαντα,
649 1023 699 1125 μὴ
718 1025 805 1104 ὄντα
822 1022 938 1104 πάλαι
956 1021 1047 1101 κατὰ
1065 1018 1148 1105 τοῦς
1165 1027 1237 1098 τῶν
1254 1052 1347 1120 προ-
1358 1047 1379 1087 ο

249 1157 375 1256 φητῶν
393 1150 552 1255 χρόνους,
571 1154 628 1231 ἐπὶ
646 1156 710 1249 τῆς
728 1157 893 1252 Χριστοῦ
913 1148 1113 1250 παρουσίας
1130 1143 1351 1248 γενήσεσθαι

248 1282 281 1356 ol
309 1282 395 1357 θεῖοι
421 1280 581 1380 χρησμοὶ
606 1271 902 1385 προηγόρευον,ἀ
928 1277 1087 1357 καὶτοῖς
1104 1272 1351 1374 προρρήσεσιν

249 1402 455 1486 ἀκολούθως
473 1409 521 1486 είς
542 1404 652 1505 πέρας
675 1399 830 1482 ἐλθόντα
847 1399 961 1481 1’όσον
988 1403 1087 1480 οὕτω
1111 1396 1374 1500 numerarios-5

227 1559 319 1610 tras.
369 1527 429 1608 Τό
452 1563 494 1630 γε
520 1526 592 1627 μὴν
615 1528 710 1607 α’ίτια
734 1535 797 1606 τοῦ
822 1525 872 1625 μὴ
896 1523 1071 1630 πρότερον
1090 1522 1190 1602 ἀλλά
1208 1531 1270 1602 νῦν
1294 1523 1349 1600 ἐπ’

250 1654 415 1759 ἐσχάτων
434 1662 564 1758 καιριῦν
581 1654 671 1751 μετὰ
689 1651 752 1734 τόν
774 1651 911 1753 μακρόν
936 1657 993 1731 καὶ
1017 1649 1135 1731 πολῦν
1159 1656 1269 1729 αἰῶνα
1286 1648 1352 1728 τὸν

251 1778 416 1882 Χριστόν
443 1783 584 1885 ἐμφανῆ
613 1778 782 1881 γενέσθαι
815 1784 867 1886 τῷ
894 1780 964 1885 βίῳ
995 1776 1161 1856 λέλεκται
1188 1774 1254 1873 μὲν
1281 1775 1351 1874 ἤδη

251 1909 309 1986 καὶ
336 1905 566 2008 πρόσθεν,οὐ
593 1905 666 2005 μὴν
692 1903 792 1983 ἀλλά
820 1907 878 1983 καὶ
903 1911 966 1982 νῦν
993 1906 1030 1981 ἐκ
1055 1901 1231 2006 βραχείτιν
1255 1900 1348 2001 είρῆ-

228 2058 366 2112 οσεται.
428 2029 551 2115 Πολῦς
576 2030 620 2130 ἦν
644 2029 759 2111 πάλαι
783 2027 957 2132 πρότερον
974 2025 1038 2112 τάς
1056 2034 1128 2105 τῶν
1153 2025 1396 2128 ἀνθρώπωνιο

252 2157 375 2264 ψυχάς
389 2162 596 2238 ἐπισκοπῶν
607 2156 818 2262 ἀφροσύιυγς
836 2157 896 2235 καὶ
914 2155 1081 2247 ἀσεβείας
1095 2154 1241 2256 αὐχμὸς,
1256 2153 1384 2251 δεινήᾱ

251 2316 289 2362 τε
314 2281 462 2383 ἀθεότης
487 2291 761 2386 κατακρατοῦσα
788 2292 851 2362 τοῦ
878 2281 1013 2365 παντὸς
1037 2282 1235 2383 ἀνθρώπων
1259 2282 1351 2376 βίον,

252 2412 299 2492 ὡς
316 2407 426 2506 μηδὲν
452 2416 524 2487 τῶν
548 2411 683 2512 ἀγρίων
709 2412 767 2487 καὶ
785 2406 987 2486 θάτιθοίσων
1014 2407 1146 2508 θηρίων
1174 2405 1353 2511 διαφέρειν

253 2538 378 2613 δοκεῖν·
409 2533 496 2633 μήτε
513 2545 602 2637 γοῦν
620 2533 754 2632 πόλεις,
773 2531 862 2634 μήτε
886 2533 1080 2629 πολιτείας,
1097 2532 1187 2632 μήτε
1212 2530 1377 2630 adunans

294 2719 308 2751 2
323 2711 373 2766 ὑπὸ
385 2678 489 2776 βαλλόυ
504 2713 531 2767 S.
615 2709 807 2783 ἥπολιαρχίος]
825 2711 986 2781 πολυαρχίας
1000 2709 1030 2765 Ρ.
1051 2711 1114 2765 Vid.
1130 2711 1217 2782 Prtep.
1229 2727 1256 2780 p.
1270 2726 1305 2763 10
1317 2707 1350 2762 Β.

252 2791 335 2864 Vulg.
349 2792 430 2847 habet
445 2793 472 2847 S.
557 2791 627 2864 Ι’γρ.
642 2791 713 2845 ὅσον
727 2795 798 2846 οὔπω
812 2792 871 2845 ED.
889 2791 1005 2846 PARIS.
1037 2788 1081 2844 Sic
1097 2791 1125 2844 S.
1215 2787 1350 2843 θάτιθάσ·

254 2871 320 2942 σοιν]
336 2871 468 2927 ἀτιθάσον
483 2875 513 2927 Ρ.

256 2981 408 3056 subjiciunt
422 2982 504 3056 signa
518 2991 686 3056 temporum,
701 2982 900 3039 abundantiam
920 2982 1005 3058 pacis,
1021 2981 1230 3057 principatuum
1245 2997 1352 3036 rerum-

255 3079 310 3134 que
334 3061 518 3134 publicarum.
541 3080 602 3136 quae
623 3081 638 3117 a
660 3062 775 3118 condito
796 3081 858 3119 mro
879 3062 1008 3127 fuissent,
1030 3060 1229 3136 persingulas
1252 3068 1353 3136 gentes

255 3147 339 3213 etque
353 3141 438 3197 urbes
452 3141 632 3205 interitum,a
646 3142 879 3200 simulachrorum
894 3143 981 3204 cultu,
993 3160 1048 3217 quo
1059 3142 1154 3215 plures
1168 3141 1227 3197 sive
1241 3140 1280 3197 dii
1294 3140 1354 3196 sive

255 3219 399 3276 doemones
416 3221 590 3288 colebantur,
605 3221 790 3287 eversionem,
806 3223 887 3279 unius
909 3221 1033 3296 supremi
1054 3221 1162 3295 opificis
1178 3221 1232 3277 Dei
1254 3221 1353 3295 cogni-

256 3299 362 3356 tionem
385 3319 418 3357 ao
432 3303 650 3358 venerationem.
693 3302 763 3359 Haec
780 3302 869 3377 igitur
886 3303 1027 3366 universa,
1042 3320 1163 3376 quorum
1177 3300 1247 3356 nibil
1263 3319 1352 3374 quon·

257 3381 322 3437 dam
346 3382 521 3455 temporibus
549 3383 751 3458 prophetarum
780 3392 848 3448 erat,
872 3384 924 3440 sub
952 3383 1040 3458 ipsius
1065 3380 1172 3437 Christi
1200 3381 1353 3437 adventum

255 3461 350 3519 futura
364 3463 459 3519 divina
473 3463 585 3519 oracula
599 3463 798 3537 praedicabant,
814 3482 876 3537 qum
890 3464 975 3520 etiam
990 3481 1055 3518 cum
1069 3462 1138 3536 ipsis
1151 3460 1272 3518 oraculis
1285 3479 1353 3518 con-

256 3542 403 3600 cordantis
429 3562 512 3600 suurn
536 3545 621 3600 finem
650 3544 780 3618 attigisse
806 3541 883 3598 haud
905 3543 946 3599 ita
973 3542 1062 3598 multo
1086 3551 1153 3616 post
1177 3542 1352 3598 demonstra·

255 3622 371 3682 buntur.
413 3623 556 3682 Caeterum
571 3643 621 3680 our
634 3642 693 3680 non
714 3624 800 3696 prius,
815 3623 866 3680 sed
879 3641 954 3679 nunc
968 3623 1114 3678 dumtaxat
1127 3622 1204 3678 hisce
1218 3621 1354 3678 extremis

255 3704 430 3776 temporibus
452 3714 518 3778 post
532 3704 650 3778 longum
673 3702 850 3778 multumque
871 3722 961 3760 aevum
981 3701 1113 3758 Christus
1133 3702 1286 3758 videndum
1308 3719 1352 3758 se·

255 3780 346 3855 ipsum
369 3784 398 3840 iu
423 3785 480 3840 vita
504 3783 664 3859 praebuerit,
685 3801 775 3839 csusae
797 3783 909 3857 quidem
935 3791 1019 3840 antes
1039 3801 1151 3856 quoque
1173 3782 1352 3846 dictasunt,

255 3879 352 3917 verum
368 3873 464 3921 tamen
478 3867 563 3920 etiam
577 3881 652 3919 nunc
667 3864 762 3936 paucis
777 3871 861 3936 atque
876 3864 903 3918 in
918 3881 1030 3919 summa
1043 3871 1215 3936 repetentur.
1257 3861 1353 3929 Quum

256 3941 362 3997 multus
376 3953 450 4000 esset
465 3944 607 4018 quondam
629 3943 676 4018 qui
698 3943 835 3999 humanas
856 3943 964 3999 animas
986 3941 1185 4000 obtenebraret
1202 3941 1354 4015 impietatis

256 4028 285 4076 et
299 4024 429 4078 amentiae
443 4023 575 4096 squallor,
591 4031 620 4080 et
634 4025 729 4098 gravis
743 4023 870 4097 quasdam
886 4041 902 4079 a
917 4023 982 4080 Deo
993 4023 1124 4079 alienatio
1138 4039 1252 4078 omnem
1266 4021 1353 4079 vitam

256 4099 402 4156 hominum
418 4101 577 4176 subegisset
585 4113 670 4176 atque
684 4115 858 4176 occupasset,
871 4103 941 4159 adeo
953 4113 985 4159 ut
995 4103 1030 4160 ab
1046 4102 1206 4176 agrestibus
1219 4110 1249 4158 et
1262 4101 1353 4158 immi·

256 4177 333 4232 tibus
346 4178 414 4233 feris
434 4179 502 4234 nihil
522 4181 634 4237 differre
648 4182 778 4238 homines
791 4184 965 4244 viderentur,
981 4192 1041 4239 tum
1057 4181 1096 4237 illi
1111 4199 1201 4256 neque
1216 4182 1352 4244 civitates,

256 4272 347 4326 neque
361 4257 541 4328 respublicas,
557 4277 646 4330 neque
667 4261 755 4332 leges,
771 4279 871 4336 neque*
883 4262 1032 4317 honestum
1055 4261 1207 4335 quidquam
1227 4269 1275 4317 aut
1290 4260 1354 4315 vitm
