3120 4716
60 247 190 314 -457.
425 239 654 304 DEMONST.
681 239 852 304 EVANG.
878 243 942 305 lx.
959 258 1006 324 17.
1240 247 1305 312 905

199 432 328 496 μασεν,
361 403 447 481 ἀλλ’
481 407 560 507 οὐχὶ
591 403 743 506 Ἰσραὴλ
776 406 856 484 οῦδέ
888 405 1036 501 Ἰούδαν,
1069 407 1126 484 ίνα
1158 405 1208 504 μὴ
1241 406 1305 490 τὰς

162 527 416 632 ιισεμνοτέρας
442 528 636 625 διαβαλλοι
660 533 919 633 προσηγορίας.
979 532 1107 630 Εῦροις
1129 533 1158 608 δ’
1180 528 1224 609 όν
1246 535 1304 610 καὶ

199 653 238 732 ἐν
256 657 333 737 ταῖς
350 653 482 738 ἄλλαις
499 657 731 762 προφητείαις
750 654 792 735 τὸ
816 663 890 735 πᾶν
914 656 1013 740 ἔθνος
1031 657 1192 761 Ἐφραίμ
1213 657 1303 756 μετὰ
1315 689 1344 724 ¹0

198 783 341 877 πολλῆς
369 784 542 878 διαβολῆς
566 785 624 860 καὶ
650 784 861 884 κατηγορίας
889 782 1154 881 ὠνομασμένον,
1178 782 1327 885 ὥσπερα

198 906 257 982 καὶ
290 913 364 984 νῦν.
426 904 533 985 Μετὰ
560 915 649 1006 γοῦν
676 904 742 1005 τὴν
769 905 842 986 ἀπὸ
871 913 1090 1001 Βαβυλῶνος
1119 908 1302 1004 ἐπάνοδον,

11 1013 13 1134 ί
196 1029 320 1128 μηκέθ’
341 1029 490 1128 Βὁμοίως
515 1035 563 1114 ὡς
591 1031 632 1110 τό
655 1035 741 1134 πρὶν
766 1033 974 1136 διῃρημένου
998 1042 1061 1112 τοῦ
1084 1042 1186 1129 λαοῦ,
1205 1037 1303 1117 τίνας

197 1153 242 1254 ἦν
260 1155 350 1240 είκὸς
368 1162 570 1255 δηλοῦσθαι
594 1158 652 1236 διὰ
676 1167 739 1238 τοῦ
757 1159 928 1263 Ἐφραίμ,
947 1159 969 1259 ἢ
993 1159 1119 1243 αὐτοῦς
1136 1159 1219 1243 τοῦς
1236 1159 1324 1258 vivs

196 1281 437 1384 Ἰερουσαλὴμ
462 1289 670 1380 οίκοῦντας;
702 1281 752 1362 ὧν
769 1283 835 1382 τὴν
853 1285 1051 1384 πολεμικὴν
1074 1288 1133 1364 καὶ
1156 1289 1297 1365 ὁπλιτι-

197 1403 264 1504 κὴν
282 1405 430 1504 δυ’ναμιν
449 1408 551 1510 μέχρι
576 1415 648 1488 τῶν
666 1410 876 1507 Ῥωμαϊκῶν
894 1408 1033 1512 χρόνων
1058 1409 1302 1511 διαρκέσασαν

197 1532 220 1628 ἡ
247 1541 311 1611 τοῦ
339 1537 506 1634 Σωτῆρος
538 1535 639 1632 ἡμῶν
668 1535 850 1636 παρουσία
876 1535 983 1642 ἐνθέῳ
1016 1539 1072 1614 καὶ
1108 1535 1300 1642 ἀπορρήτῳ

159 1698 186 1732 ιι
197 1656 341 1755 δυνάμει
359 1664 527 1738 καθεῖλεν
545 1660 674 1756 ὁμοίως
692 1667 737 1764 τῇ
753 1662 963 1767 προφητείᾳ.
1023 1667 1148 1740 Ταῦτα
1173 1660 1210 1740 δὲ
1233 1661 1300 1761 τὴν
1310 1699 1339 1735 ιο

195 1783 241 1890 ἐξ
259 1787 371 1863 ἐθνῶν
392 1786 587 1884 ἐκκλησίαν
612 1786 872 1888 εὐαγγελίζεται
897 1789 917 1864 ὁ
942 1785 1063 1887 λόγος,
1082 1789 1148 1890 οὐχ
1173 1788 1299 1869 ἁπλῶς

194 1910 329 2013 χαίρειν
347 1908 448 1989 ἀλλὰ
466 1914 525 1990 καὶ
542 1909 690 2016 σφόδρα
707 1913 841 2015 χαίρειν
857 1913 947 2015 αὐτῇ
964 1911 1329 2012 παρακελευόμενος,ἀ

193 2035 253 2114 διὰ
279 2033 346 2136 τὴν
369 2045 432 2116 τοῦ
459 2042 555 2116 Θεοῦ
582 2037 704 2138 Λόγου
729 2043 776 2120 εἱς
802 2036 911 2135 αὐτὴν
937 2037 1150 2139 παρουσίαν,
1169 2037 1213 2136 ἦν
1240 2042 1298 2116 καὶ

193 2160 374 2262 θυγατέρα
389 2166 453 2259 τῆς
470 2165 678 2265 ἐπουρανίου
698 2162 794 2242 Σιὼν
812 2159 835 2260 ἢ
855 2166 912 2241 καὶ
930 2167 994 2260 τῆς
1010 2165 1186 2266 προτέρας
1204 2197 1294 2242 συν·

195 2289 341 2386 αγωγῆς
368 2291 553 2384 ἀποκαλεῖ,
571 2286 629 2366 διὰ
657 2285 699 2367 τὸ
726 2285 863 2369 πάντας
890 2288 982 2386 ἡμᾶς
1010 2286 1091 2372 τοῦς
1118 2290 1162 2394 ἐξ
1188 2293 1320 2370 ἐθνῶνε

195 2417 244 2494 είς
276 2409 341 2490 τὸν
370 2410 534 2514 Χριστὸν
563 2420 627 2491 τοῦ
656 2419 752 2492 Θεοῦ
783 2412 1065 2496 πεπιστευκότας
1095 2414 1299 2514 γεννήματα

193 2533 282 2616 εἶναι
301 2541 358 2616 καὶ
376 2537 481 2616 τέκνα
499 2543 664 2638 Χριστοῦ
688 2541 746 2616 καὶ
773 2545 845 2617 τῶν
863 2539 1082 2618 ἀποστόλων
1104 2542 1222 2635 αὐτοῦ,
1242 2536 1299 2617 οἷα

193 2664 233 2741 ἐκ
255 2660 389 2762 μητρός
416 2666 479 2761 τῆς
504 2669 577 2740 τῶν
594 2664 774 2741 Ἰουδαίων
798 2668 1014 2764 συναγωγῆς
1039 2662 1295 2762 προελθόντας.

157 2790 270 2866 ῐτΚαὶ
294 2787 337 2866 τὸ
362 2787 445 2891 ἐξῦς
463 2787 502 2866 δέ
526 2789 727 2887 ἐπληροῦτο
753 2789 810 2866 ἐπὶ
837 2793 883 2891 τῇ
910 2795 974 2866 τοῦ
1004 2792 1170 2888 Σωτῆρος
1198 2789 1299 2886 ἡμῶν
1309 2827 1338 2863 ιο

554 2941 570 2986 b
585 2945 659 3003 θείως
673 2945 703 3002 Ρ.
719 2955 746 3002 et
761 2948 789 3002 S.
803 2947 831 3000 in
846 2965 929 3019 marg.

196 3079 258 3136 eliis
273 3099 384 3155 quoque
402 3079 560 3155 prophetiis
578 3087 669 3137 totum
690 3092 806 3155 gentem
821 3079 955 3154 Ephroem
975 3099 1040 3138 oum
1055 3081 1145 3138 multu
1157 3082 1299 3140 calumnie

197 3167 228 3216 ot
237 3161 416 3217 accusatione
430 3160 578 3224 nominari,
588 3161 661 3217 siout
674 3159 721 3216 hio
735 3179 856 3234 quoque.
885 3161 980 3229 Quum
995 3161 1083 3235 igitur
1096 3169 1162 3236 post
1174 3161 1297 3218 reditum

197 3239 234 3296 de
253 3239 399 3315 Babylone
421 3259 479 3296 non
504 3240 625 3315 emplius
650 3240 747 3297 itidem
771 3248 804 3296 ut
823 3240 900 3314 prius
923 3241 954 3296 in
978 3241 1069 3297 tribus
1093 3239 1199 3297 divisus
1221 3251 1298 3298 esset

196 3318 329 3394 pupulus,
352 3338 424 3394 quos
446 3319 561 3376 taudem
583 3337 634 3394 per
656 3319 789 3394 Ephrem
811 3319 913 3375 merito
936 3319 1091 3393 significari
1114 3321 1296 3384 intellexeris,

196 3399 252 3456 uisi
272 3417 322 3456 eos
346 3400 394 3474 qui
416 3400 507 3474 ipsum
527 3399 705 3457 Hierusalem
724 3398 906 3455 habitarent?
928 3413 1048 3472 quornm
1070 3398 1100 3454 in
1120 3399 1201 3455 bellis
1221 3407 1252 3455 et
1268 3399 1298 3454 in

195 3479 283 3535 ermis
307 3478 453 3553 egregium
477 3480 620 3544 virtutem,
641 3497 704 3553 que
725 3496 815 3552 usque
839 3478 876 3534 ud
900 3477 1029 3534 Romane
1050 3485 1179 3551 ternpore
1196 3477 1298 3552 vigens

195 3557 259 3625 fnit,
283 3557 439 3616 Salvatorie
463 3559 554 3615 nostri
575 3559 723 3624 adventus,
746 3558 820 3614 sicin
843 3558 874 3614 in
898 3557 1048 3633 prophetie
1067 3557 1174 3614 dietum
1195 3557 1296 3620 iuerat.

195 3637 292 3694 divine
313 3647 343 3695 et
359 3638 493 3696 ineffabili
513 3639 618 3696 virtute
638 3638 751 3695 delevit.
794 3637 917 3694 Proinde
940 3637 1088 3694 collectum
1107 3635 1143 3693 de
1162 3637 1297 3711 gentibus

195 3717 343 3774 ecclesium
364 3718 510 3775 oraculum
529 3719 692 3794 evangelice
713 3718 828 3774 iustruit
845 3736 879 3774 so
897 3725 996 3773 monet
1013 3735 1072 3773 nou
1086 3728 1118 3773 ut
1132 3716 1296 3790 simpliciter

195 3797 329 3872 gaudent.
345 3797 395 3854 sed
416 3805 449 3855 ut
462 3797 645 3855 vehementer
665 3799 798 3873 gaudent,
813 3798 916 3873 quippe
937 3797 1013 3872 quod
1029 3796 1106 3854 illem
1124 3796 1160 3853 ud
1180 3796 1211 3853 id
1225 3797 1296 3854 fuci·

195 3877 301 3933 endum
315 3877 483 3934 exhortetur
495 3886 613 3953 propter
626 3878 680 3935 Dei
695 3879 782 3935 Verbi
797 3878 834 3935 ud
847 3879 937 3952 ipsum
952 3878 1116 3942 adventum,
1128 3895 1212 3951 quarn
1226 3877 1295 3934 item

195 3957 319 4014 ooelestis
333 3958 402 4014 Sion
416 3966 466 4014 sut
479 3958 565 4014 etium
579 3958 681 4032 prioris
694 3959 925 4032 congregationis
939 3958 1025 4014 filium
1039 3967 1131 4020 vooot.
1147 3965 1296 4031 propterea

195 4037 272 4111 quod
294 4056 347 4094 nos
368 4055 468 4094 omues
489 4037 536 4110 qui
557 4056 594 4094 ex
615 4038 748 4112 gentibus
766 4037 887 4111 profecti
908 4038 935 4092 iu
961 4036 1107 4093 Christum
1129 4037 1182 4094 Dei
1203 4037 1295 4094 eredi-

194 4116 289 4173 dimus
303 4117 411 4174 Christi
432 4117 681 4192 apostolorumque
701 4117 763 4190 ejus
782 4117 875 4190 proles
890 4125 921 4172 et
939 4117 988 4172 filii
1007 4135 1112 4180 sumus,
1128 4124 1227 4190 utpote
1248 4117 1296 4190 qni

194 4196 231 4252 de
252 4196 416 4254 Judseorum
438 4195 662 4272 congregatione
687 4205 822 4269 tanquam
846 4195 882 4252 de
906 4204 998 4251 matre
1021 4196 1077 4252 orti
1100 4197 1207 4252 simus:
1230 4214 1295 4251 nem

193 4276 281 4332 'etium
302 4295 359 4350 quo
399 4277 525 4351 seqnitur
545 4277 575 4333 iu
597 4275 754 4334 salvatoris
774 4275 867 4332 nostri
891 4275 1015 4332 adventu
1040 4276 1212 4348 completum
1234 4293 1296 4330 esse

236 4389 304 4428 von.
321 4391 355 4429 n.
765 4389 781 4444 3
799 4390 818 4427 u
