3132 4714
263 248 328 316 650
711 251 897 318 nusnnu
1340 260 1510 331 nru-

222 411 364 510 8οήμιῦν
382 412 498 490 αὐτῶν
515 412 722 515 μαρτυρίαις
740 414 961 516 χρήσασθαι.
1003 407 1127 492 Ἀλλὰ
1144 407 1216 512 γὰρ
1234 406 1405 532 τοσοῦ-(11ο

262 571 335 616 των
363 539 400 615 ἐν
427 543 473 642 τῇ
502 547 566 618 τοῦ
591 538 827 639 Ἐμμανουὴλ
859 540 972 646 ἡμέρᾳ
1003 542 1084 642 περὶ
1112 535 1155 616 τὸ
1181 536 1365 615 Ἰουδαίων

262 661 361 746 ἔθνος
385 663 634 764 γενησομένων
659 665 750 746 κατὰ
774 666 840 766 τὴν
857 667 979 769 ἑτέραν
996 666 1192 769 ἑρμηνείαν,
1210 659 1364 744 σπάνιός

262 822 315 872 τις
343 788 493 870 ἔσεσθαι
520 791 662 892 λέγεται
687 793 707 870 ὁ
735 795 983 900 καταλειφθεὶς
1010 792 1054 898 ἐξ
1078 792 1205 885 αὐτῶν,
1223 791 1304 890 περὶ
1322 786 1364 866 οὗ

264 918 416 1021 φησὶνὸ
442 915 660 1015 ἀπόστολος,
677 923 816 1024 λεῖμμα
842 925 918 1000 κατ’
938 917 1080 1018 ἐιιλσγῆν
1098 918 1234 1025 χάριτος
1259 913 1388 1018 ydra-s
1415 898 1423 908 Ι

265 1077 320 1123 νει.
370 1038 444 1125 *Os
463 1041 506 1142 δὴ
526 1041 639 1149 θρέψει
659 1041 815 1149 θοίμαλιι
832 1045 930 1138 βοοῖν,
954 1053 1013 1126 καὶ
1054 1045 1088 1125 tio
1107 1046 1280 1153 τρίβοντα,
1302 1049 1362 1122 καὶ

265 1165 336 1248 ιἰτθ
354 1171 409 1247 τοῦ
426 1173 586 1250 πλεῖστοι
600 1177 702 1251 ποιεῖν
716 1172 832 1273 γάλα,
847 1172 995 1277 βούτυρον
1016 1181 1074 1251 καί
1095 1169 1177 1274 με’λι
1196 1169 1363 1275 φάγεται.

264 1299 434 1378 Τοιοῦτος
452 1293 490 1375 δὲ
508 1297 592 1396 ἡμῖν
609 1298 800 1402 ἀπεδείχθη
820 1296 910 1378 κατὰ
927 1296 993 1397 τὴν
1009 1297 1174 1399 δευτέραν
1188 1293 1365 1375 ἀπόδοσιν

264 1429 334 1506 πᾶς
362 1424 382 1500 ὁ
409 1420 650 1507 ἀποστολικὸς
677 1432 749 1505 τῶν
776 1431 945 1524 μαθητῶν
972 1423 1079 1529 χορὸς
1106 1431 1170 1502 τοῦ
1198 1419 1365 1523 Σανιῆρος

224 1569 256 1622 86
264 1549 365 1650 ἡμων
382 1552 506 1648 Ἰησοῦ
525 1555 702 1653 Χριστοῦ.
732 1549 879 1654 Ὥσπερ
898 1549 936 1631 δὲ
954 1553 974 1629 ὁ
994 1551 1243 1657 καταλειφθεὶς
1261 1547 1364 1630 οὗτος
1377 1583 1406 1616 ¹0

263 1685 420 1760 τοιοῦτος
448 1675 598 1758 ἔσεσθαι
625 1677 892 1785 προφητεῦεται,
919 1679 1030 1760 οὕτως
1063 1680 1122 1756 καὶ
1153 1679 1217 1774 τῆς
1245 1675 1364 1780 χώρας

264 1801 409 1900 ἁπάσης
431 1811 495 1881 τοῦ
513 1803 693 1884 Ἰουδαίων
717 1805 838 1889 ἔθνους
861 1814 926 1884 τοῦ
948 1838 987 1884 τε
1011 1808 1222 1901 ἀμπελῶνος
1247 1803 1364 1880 αὐτῶν

264 1933 313 2011 εὶς
331 1927 464 2030 χέρσον
483 1932 541 2007 καὶ
566 1931 724 2012 ἄκανθαν
742 1932 1067 2030 μεταβεβλημένου,
1087 1933 1145 2009 καὶ
1169 1927 1228 2008 διὰ
1251 1936 1363 2007 ταῦτα

263 2062 337 2136 τοῖς
363 2054 546 2151 πολεμίοις
573 2058 865 2158 παραδεδομένου,
885 2057 1039 2156 ἔμπαλιν
1063 2058 1101 2136 ἐκ
1128 2055 1276 2158 θατέρου
1301 2056 1360 2154 με’-
1374 2096 1401 2142 15

263 2212 347 2282 pour
373 2185 448 2259 πᾶν
470 2179 553 2282 ὅρος
581 2183 839 2285 ἀροτριώμενον
865 2180 1193 2286 ἀροτριαθήσεσθαι
1219 2188 1362 2286 προφη-

264 2305 410 2385 τειίεται.
467 2308 650 2407 Ἡγοῦμαι
679 2307 716 2387 δὲ
743 2307 809 2408 τὴν
835 2317 900 2388 τοῦ
928 2313 1094 2409 Σωτῆρος
1122 2309 1223 2407 ἡμῶν
1239 2310 1480 2406 Ἰησοῦρ.3ι6

264 2437 429 2534 Χριστοῦ
442 2435 638 2532 ἐκκλησίαν
652 2437 763 2518 οὕτως
781 2435 1008 2532 αἰνίττεσθαι,
1022 2437 1102 2536 περὶ
1121 2434 1163 2534 ἦς
1182 2439 1240 2514 καὶ
1258 2433 1363 2516 αὐτός

264 2563 390 2662 φησιν,
419 2563 453 2637 οὐ
480 2555 617 2640 θίιιιτιιι
645 2563 749 2645 τίλις
780 2559 935 2668 κρυβιῖναι
964 2560 1076 2640 ἐπάνω
1104 2561 1189 2666 ίριυς
1219 2558 1361 2665 κειμένη.

264 2681 319 2764 Τὸ
344 2681 416 2788 γὰρ
442 2685 637 2787 ε’τιηρμένον
659 2683 834 2786 μετέωρόν
860 2718 899 2763 τε
927 2687 986 2764 καὶ
1014 2684 1183 2790 ῦψιπετές
1209 2692 1273 2762 τοῦ
1300 2687 1387 2781 τῆνο

265 2813 457 2911 ἐκκλησίας
474 2812 733 2911 πολιτεύματος
755 2810 838 2914 ὅρος
862 2812 1015 2911 ἡγοῦμαι
1041 2809 1100 2890 διὰ
1125 2809 1260 2890 τούτων
1278 2812 1364 2908 ἀνη-

224 2944 472 3040 εηγορεῦσθαι.
532 2943 650 3018 Τοῦτο
669 2939 698 3016 δ
719 2939 790 3034 οὖν,
814 2943 917 3044 φησί,
936 2934 979 3016 τὸ
1001 2936 1083 3039 ὅρος
1107 2936 1365 3040 ἀροτριώμενον

265 3105 391 3163 Judaicae
412 3107 491 3180 genti
514 3105 668 3162 secundum
689 3105 807 3164 alteram
826 3105 1087 3182 interpretationem
1102 3113 1238 3161 eventura
1258 3111 1363 3166 essent.

266 3205 364 3242 eorum
381 3187 428 3260 qui
450 3204 486 3242 ex
506 3186 575 3260 ipsis
590 3186 768 3259 relinquendi
787 3187 843 3244 sint
859 3188 984 3266 paucitas
999 3185 1127 3260 quaedam
1142 3186 1237 3242 futura
1251 3183 1362 3248 dicitur,

102 3281 164 3324 nom.
173 3294 202 3332 n,
213 3290 232 3332 ς.
267 3265 302 3323 de
317 3285 371 3340 qua
385 3267 423 3323 ait
434 3267 587 3342 apostolus,
605 3267 737 3340 Reliquiae
749 3271 894 3325 secundum
908 3270 1063 3324 electionem
1075 3270 1173 3342 pratia
1179 3265 1268 3339 sorte
1281 3271 1364 3320 aaut:

266 3365 302 3404 ex
317 3347 371 3404 hac
385 3355 479 3404 autem
498 3348 638 3422 paucitate
652 3347 700 3422 qui
713 3347 807 3412 fuerit,
825 3349 944 3413 Ννιτίει,
958 3347 1058 3422 inquit,
1073 3346 1221 3419 juvencam
1236 3347 1322 3410 boum,
1337 3353 1365 3400 et

266 3429 335 3486 duos
349 3447 416 3495 oves,
432 3436 458 3485 et
471 3447 503 3485 err
515 3447 546 3484 eo
561 3429 632 3502 quod
647 3430 798 3504 plurimum
811 3429 901 3505 faciet
917 3429 966 3494 luc,
983 3429 1108 3502 butyrum
1122 3435 1149 3483 et
1167 3428 1221 3482 mel
1235 3427 1363 3481 comedet.

265 3509 343 3566 Talis
358 3518 451 3566 autem
467 3509 578 3565 anobis
592 3509 621 3565 in
636 3509 760 3566 secunda
776 3509 952 3584 expositione
973 3508 1066 3564 omnis
1086 3507 1259 3582 apostolicus
1280 3505 1364 3562 disci-

266 3589 396 3664 pulcrum
412 3587 567 3647 salvatoris
580 3590 671 3647 nostri
686 3589 755 3646 Jesu
769 3590 875 3646 Christi
890 3590 993 3646 chorus
1008 3587 1218 3646 demonstratus
1233 3595 1294 3643 est:
1314 3587 1364 3644 sed

265 3669 505 3744 quemadmodum
526 3671 572 3727 hic
589 3671 636 3744 qui
657 3669 771 3727 relictus
788 3671 834 3735 sit
848 3671 911 3727 tulis
930 3670 1041 3726 iuturus
1058 3687 1094 3726 ex
1109 3668 1258 3746 prophetia
1271 3667 1363 3724 decla-

265 3760 353 3815 ratur,
367 3751 406 3808 ita
420 3764 570 3826 postquam
585 3751 716 3807 universa
729 3749 855 3807 Judaicae
869 3751 964 3826 gentis
978 3751 1068 3825 regio,
1084 3758 1113 3806 et
1127 3750 1209 3806 vinea
1225 3747 1363 3822 ejusdem,

266 3831 295 3886 in
309 3839 414 3888 terram
428 3832 562 3888 incultam
578 3839 606 3888 et
619 3831 729 3906 spinum
743 3839 917 3888 commutata
930 3831 1023 3896 fuerit,
1033 3839 1062 3888 et
1071 3838 1222 3908 propterea
1234 3829 1364 3886 hostibus

266 3909 379 3974 traditu,
392 3929 489 3968 rursus
504 3930 540 3968 ex
554 3911 642 3968 altera
659 3923 740 3986 parte
760 3913 852 3968 omnis
874 3931 955 3969 mous
977 3911 1024 3987 qui
1045 3919 1140 3968 aratur
1158 3908 1281 3967 arandus
1302 3927 1364 3965 esse

267 3991 303 4046 ab
325 3989 423 4046 eadem
446 3993 594 4067 prophetia
616 3991 785 4067 praedicitur.
828 3993 959 4049 Arbitror
980 4001 1074 4048 autem
1097 3990 1252 4048 Salvatoris
1273 3991 1364 4046 nostri

175 4113 180 4125 .
204 4115 210 4134 ‚
266 4070 335 4126 Jesu
360 4069 468 4127 Christi
492 4073 639 4129 ecclesiam
667 4073 808 4130 eomodo
832 4073 994 4149 significari,
1014 4073 1049 4129 de
1071 4090 1128 4146 qua
1148 4072 1207 4146 ipse
1229 4071 1276 4135 ait,
1298 4069 1364 4125 Non

265 4157 353 4223 potest
371 4151 467 4205 civitas
482 4152 608 4208 abscondi
625 4171 709 4227 supro
731 4162 846 4210 montem
865 4157 974 4227 posito:
999 4153 1075 4227 quod
1096 4153 1171 4209 enim
1194 4152 1224 4207 in
1246 4151 1365 4208 ecclesia

267 4227 385 4302 publicis
409 4229 567 4285 actionibus
591 4231 697 4288 elatum
722 4241 751 4289 et
773 4233 891 4290 sublime
913 4243 942 4290 et
964 4233 1000 4290 ad
1025 4251 1146 4307 superne
1168 4233 1288 4288 tendens
1316 4231 1363 4296 sit,

269 4315 393 4362 montem
408 4306 530 4362 arbitror
542 4308 587 4364 his
598 4310 690 4366 verbis
701 4313 850 4386 appellari:
866 4314 943 4370 hunc
953 4315 1041 4388 igitur
1052 4321 1189 4376 montem,
1201 4315 1248 4386 qui
1260 4319 1364 4376 arator,
