3130 4722
54 235 177 316 -356·
446 239 673 306 uanousr.
698 241 869 307 nvnue.
894 241 970 306 v11.
986 265 1019 328 3.
1226 243 1287 306 ru

185 429 301 492 μωνος
334 399 601 504 “οἰμφιβολίαν.
661 399 768 480 Μετὰ
797 407 973 479 πλεῖστον
1002 409 1092 500 γοῦν
1124 403 1189 496 τῆς
1226 407 1290 477 τοῦ

187 521 402 620 Σολόμωνος
428 529 594 623 τελευτῆς
618 523 749 629 χρόνον
774 535 887 605 ταῦτα
903 523 1062 607 Ἡσαΐας
1087 523 1173 625 περί
1195 557 1291 606 τινος

187 647 304 749 ε’τέρου
330 649 556 755 προφητεύει,
579 649 781 748 μέλλοντος
806 653 845 729 ἐκ
872 649 968 753 ῥίζης
990 652 1131 727 Ἰεσσαὶ
1164 651 1222 727 καὶ
1251 652 1312 728 ε’κε

150 806 177 853 3²
187 773 393 876 σπέρματος
419 777 541 869 Δαβὶδ
566 775 880 880 ἀναφανῆσεσθαι.
934 771 1024 853 Ὅτι
1049 773 1105 852 ’δὲ
1135 776 1206 853 οὐδ’
1233 777 1288 879 ἐφ’

186 897 305 1000 ἕτερον
336 897 360 999 ἢ
390 902 446 979 ἐπὶ
474 899 538 979 τὸν
565 900 734 1000 ἡμέτερον
763 903 915 1002 Σωτῆρα
942 899 1006 978 τὸν
1033 900 1198 1002 Χριστὸν
1225 909 1289 980 τοῦ

188 1027 282 1101 θεοῦ
299 1020 468 1124 ἀνάγεται
484 1023 530 1102 τὰ
549 1024 759 1123 δηλούμενα,
779 1027 818 1103 ἐκ
842 1025 937 1126 ῥίζης
959 1024 1149 1125 γενόμενον
1168 1025 1290 1118 Δαβίδ

187 1180 224 1225 τε
254 1149 312 1225 καὶ
341 1149 492 1245 Ἰεσσαὶ,
520 1150 583 1228 οὐκ
615 1145 714 1248 οἶμαί
742 1182 821 1227 τινα
851 1149 1108 1253 ἀμφιβάλλειν,
1135 1149 1286 1248 ε’πιοτῆ-
1302 1183 1331 1219 ¹0

187 1305 304 1350 σαντα
326 1279 411 1376 τῆτε
431 1274 630 1378 ἐπαγγελίᾳ
653 1277 718 1372 τῆς
738 1273 972 1376 προρρήσεως
991 1277 1198 1380 φασκούση,
1220 1285 1319 1374 Kaio¹

188 1396 282 1476 irrata
306 1402 324 1490 ῆ
347 1399 736 1507 ῥιζατῶ’1εσσα“ι,ιιαὶ
764 1408 778 1479 o‘
804 1399 1023 1506 ἀνιστάμενος
1050 1397 1163 1508 ι’ίρχειι
1189 1397 1289 1491 ἐθνῶν,

187 1522 239 1600 ἐπ’
260 1528 350 1630 αὐτῷ
373 1523 435 1618 ἔθνη
455 1526 621 1614 ἐλπιῶσι,
643 1527 701 1604 καὶ
725 1532 799 1609 τοῖς
820 1528 879 1605 ε’πὶ
903 1533 966 1604 τοῦ
996 1529 1162 1626 Σωτῆρος
1189 1524 1291 1623 ἡμῶν

149 1673 180 1722 aa
188 1647 417 1747 δεικνυμένοις
444 1650 729 1748 ἀποτελέσμασι.
790 1649 915 1734 Μόνος
947 1660 1036 1752 γοῦν
1065 1649 1169 1733 οὗτος
1200 1648 1290 1749 μετὰ

188 1771 253 1872 τῆν
270 1777 309 1853 ἐκ
327 1783 459 1878 νεκρῶν
477 1774 691 1874 ἀνάστασιν,
706 1778 750 1855 δι’
770 1773 815 1876 ἢν
833 1781 890 1856 καὶ
909 1773 1006 1876 οἶμαι
1025 1775 1133 1855 αὐτὸν
1150 1774 1311 1861 ἄποτοί-ς

188 1935 279 2003 μενοι
304 1903 570 2002 ἐπικεκλῆσθαι,
595 1903 638 1982 οὐ
670 1910 733 1981 τοῦ
760 1903 942 1983 Ἰουδαίων
969 1911 1061 1982 λαοῦ
1090 1900 1191 1980 ἀλλὰ
1217 1908 1290 1980 τῶν

186 2027 297 2105 ἐθνῶν
329 2027 498 2108 ἁπάντων
528 2025 646 2134 ἦρξεν,
676 2031 723 2112 ὡς
755 2026 804 2126 μῆ
834 2031 1045 2127 ’δεδεῆσθαι
1082 2026 1123 2106 τὸ
1162 2026 1290 2129 λόγιον

188 2153 379 2253 ἑρμηνείας,
395 2161 525 2259 σαφῶς
544 2153 729 2257 προδήλου
747 2160 983 2250 καθεστῶτος,
999 2153 1095 2237 ὅπως
1114 2158 1161 2235 είς
1181 2151 1289 2232 αι’σὸν

187 2276 292 2362 τέλος
310 2279 438 2385 εἴληφε
462 2278 551 2379 μετὰ
574 2287 646 2359 τῶν
664 2281 790 2360 ἄλλων
810 2283 868 2358 καὶ
886 2278 938 2376 τὸ,
958 2284 1009 2360 ἐπ’
1030 2285 1121 2387 αὐτῷ
1144 2276 1208 2372 ἔθνη
1232 2281 1331 2358 itt-10

149 2406 329 2485 ιιπιιὸσιι.
379 2405 438 2484 Τὰ
463 2407 493 2486 δ
514 2409 560 2490 ὡς
586 2409 667 2508 περὶ
689 2405 787 2512 ζῴων
810 2409 869 2485 καὶ
891 2405 1022 2508 θηρίων
1044 2404 1290 2505 ῆμερουμένων

189 2527 395 2570 ικὶν

209 2563 267 2608 και
295 2564 337 2608 το
367 2563 493 2633 αγριον
520 2528 605 2628 ἦθος
633 2534 691 2610 καὶ
720 2531 895 2612 ἀτίθασον
923 2529 1206 2630 ἀποθησομένων
1233 2532 1291 2609 ε’πὶ

189 2659 234 2758 τῆ
252 2663 316 2734 τοῦ
333 2654 646 2760 προφητευομένου
668 2657 835 2763 ἐπιδημίᾳ
860 2654 1036 2757 λεγόμενα
1059 2656 1287 2756 ἀλληγοροῖτ’

230 2849 247 2880 ¹¹
260 2840 570 2912 ἀμφιβολίαν-χρόνον]
596 2843 640 2898 Sic
660 2843 692 2897 P.
728 2843 788 2913 περὶ
808 2845 856 2895 τοῦ
880 2839 1032 2909 σολόμιυνος
1052 2840 1174 2906 τελευτῆς
1196 2839 1291 2908 χρόνον

190 2921 262 2992 vulg.
279 2921 307 2975 S.
423 2929 439 2960 ¹
454 2922 482 2976 δὲ
496 2939 548 2976 om.
565 2921 593 2977 S.
711 2922 863 2990 Ydrdirodur
879 2921 907 2976 S.
1032 2927 1046 2959 2
1061 2921 1102 2974 καὶ
1115 2919 1290 2990 τδ-προφη-

190 3003 328 3070 τευομὶνου
342 3002 402 3055 add.
419 3003 450 3056 P.

192 3171 278 3227 quum
292 3152 366 3209 illius
380 3154 480 3212 mortis
494 3162 607 3228 tempus
621 3160 740 3219 constet,
755 3161 784 3209 et
802 3152 864 3210 haec
885 3154 983 3212 eadem
999 3153 1096 3211 Esaiae
1116 3154 1150 3211 de
1168 3155 1291 3228 quodum

191 3233 246 3290 alio
261 3234 437 3298 vaticinetur,
453 3233 500 3308 qui
521 3235 558 3290 eit
578 3234 613 3290 de
638 3233 732 3290 radice
749 3232 831 3290 Jeaee
850 3243 880 3291 et
899 3235 934 3291 da
956 3235 1063 3292 semine
1080 3234 1176 3291 David
1196 3236 1291 3310 prodi.

192 3323 281 3370 tuma.
324 3313 410 3382 Quod
434 3333 503 3371 vero
527 3333 585 3370 non
608 3313 644 3370 ed
672 3313 756 3370 ulium
785 3333 869 3387 quam
897 3314 933 3370 ud
960 3325 1089 3371 nostrum
1114 3313 1291 3372 Salvatorem

193 3393 337 3450 Christum
355 3395 419 3458 Dei,
434 3392 482 3468 qui
503 3395 538 3451 de
555 3395 648 3450 radice
664 3393 759 3450 David
772 3403 801 3450 et
813 3393 896 3451 Jeeae
911 3403 990 3450 ortua
1005 3402 1057 3458 est,
1072 3392 1220 3450 referenda
1233 3395 1291 3451 aiut

193 3492 254 3548 quae
275 3473 404 3549 proxime
426 3475 583 3539 citavimus,
599 3474 791 3532 dubitaturum
813 3475 935 3531 arbitror
952 3473 1102 3535 neminem,
1118 3473 1166 3546 qui
1182 3481 1211 3528 et
1225 3491 1290 3547 pro-

192 3555 310 3610 miaaum
325 3554 430 3612 oraculi
441 3555 601 3620 attenderit,
614 3556 690 3630 quod
704 3555 752 3619 ait,
765 3555 806 3611 Et
821 3557 871 3610 erit
882 3557 962 3610 rudia
971 3554 1055 3616 Jeaae,
1064 3560 1091 3608 et
1101 3555 1146 3624 qui
1160 3555 1246 3626 ςυνρὶι
1260 3560 1292 3608 ut

192 3635 308 3710 imperet
318 3636 451 3710 gentibue,
467 3637 494 3691 ιἰι
508 3654 538 3692 eo
557 3643 650 3710 qentes
665 3636 820 3709 sperabunt,
835 3642 864 3691 et
878 3652 972 3690 rerum
986 3639 1088 3690 eventu
1102 3650 1163 3704 quae
1177 3632 1212 3687 de
1228 3631 1291 3688 Sul.

192 3724 291 3772 vatore
309 3725 408 3772 nostro
429 3716 667 3772 demonstrantur.
710 3713 795 3772 Solus
809 3715 885 3771 enim
898 3713 945 3770 hic
958 3713 1006 3770 ubi
1020 3732 1037 3769 a
1050 3719 1142 3768 morte
1157 3712 1290 3776 surrexit,

191 3803 308 3869 propter
332 3795 408 3870 qnod
435 3795 521 3853 etiam
548 3795 626 3852 illum
650 3803 800 3869 ςυτρειιιειιι
826 3802 958 3851 vocatum
985 3812 1047 3850 ease
1075 3791 1206 3858 arbitror,
1232 3809 1291 3848 non

191 3874 211 3931 J
213 3874 311 3932 udaieo
325 3875 429 3950 populo
443 3875 493 3933 aed
508 3874 646 3932 universis
660 3875 793 3950 gentibue
807 3875 964 3948 imperavit,
980 3873 1051 3930 adeo
1070 3872 1183 3945 quidem
1203 3881 1235 3929 ut
1254 3889 1290 3928 ne

190 3955 249 4012 ulla
269 3955 383 4030 quidem
404 3955 635 4029 interpretatione
656 3954 784 4030 indigere
802 3955 931 4013 videatur
952 3952 1105 4018 oraculum,
1123 3971 1207 4027 quum
1229 3952 1289 4026 pla·

191 4035 307 4092 nissime
321 4045 432 4094 eonatet
446 4036 475 4092 in
490 4035 539 4092 illo
553 4036 639 4092 finem
653 4036 794 4110 accepisse
809 4054 865 4092 una
879 4055 943 4092 cum
957 4033 1018 4090 aliia
1035 4033 1103 4090 illud
1118 4052 1239 4109 quoque,
1257 4033 1289 4088 In

192 4134 223 4171 eu
234 4124 327 4189 genter
336 4116 494 4191 sperabunt.
537 4115 609 4184 Quae
623 4134 690 4172 vero
704 4125 838 4190 tunquam
853 4114 889 4172 de
904 4113 1071 4171 animalibus
1085 4121 1115 4169 et
1128 4113 1195 4170 feria
1209 4131 1289 4169 man·

192 4195 388 4263 suefaciendie‚
403 4205 432 4254 et
446 4203 574 4271 agrestes
595 4214 689 4254 morea
708 4203 792 4270 atque
811 4194 964 4252 indomitos
984 4193 1162 4269 depositaria,
1177 4194 1208 4248 in
1228 4192 1290 4264 ejus

193 4276 316 4334 adventu
342 4278 377 4333 de
401 4297 458 4351 quo
479 4276 603 4350 loquitur
626 4276 774 4350 prophetia
799 4275 940 4341 dicuntur,
965 4294 1015 4349 per
1043 4275 1164 4349 figuram
1192 4270 1290 4328 referri
