3108 4708
251 257 316 320 982
718 249 905 316 EUSEBII
1330 259 1495 330 p.497-

252 417 360 517 ἁγίων
378 449 462 494 σου.
509 415 586 492 Ἀεὶ
613 410 765 514 γὰρκαὶ
789 409 847 490 διὰ
869 407 1004 494 παντὸς
1026 410 1056 490 ίν
1074 413 1142 494 τοῖς
1160 411 1275 510 ὑιγίιις
1292 442 1354 486 σου

253 545 432 630 κατοικεῖς,
452 545 510 618 καὶ
532 536 584 618 σὺ
606 535 639 617 εί
658 539 679 616 ὁ
700 535 835 621 παντὸς
853 533 982 638 ἀνδρὸς
999 541 1201 640 θεοφιλοῦς,
1214 535 1354 640 Ἰσραὴλ

211 704 242 754 ⁴7
250 663 616 771 προσαγορευομένου,
637 662 781 748 ίπιιινις.
840 659 913 741 Διοί
937 696 982 740 σε
1007 660 1078 763 γὰρ
1099 663 1207 741 παντὶ
1230 665 1283 764 τῷ
1304 691 1352 738 σε
1363 689 1394 725 ¹0

249 794 450 895 περιίποντι
477 790 545 894 οὐχ
571 791 592 867 ὁ
619 787 738 892 τυχὼν
768 789 1002 890 προσγίνεται
1028 788 1179 884 ἔπαινος,
1206 787 1265 864 καὶ
1292 785 1384 864 ε’πίά

249 949 311 996 σοι
343 919 376 993 οἱ
412 915 561 1016 πατέρες
592 914 693 1013 ἡμῶν
728 913 904 1013 ἤλπισαν,
937 915 996 992 καὶ
1031 912 1246 994 ἐλπίσαντες
1276 915 1353 988 τῶν

248 1037 527 1120 ἐπαναστάντων
549 1039 687 1122 οαῦτυΐς
715 1044 835 1116 κακῶν
857 1036 1092 1140 Ρέρριίθησαν,
1116 1040 1174 1115 καὶ
1201 1038 1283 1133 τρίς
1309 1071 1351 1116 σε
1541 1065 1547 1108 ι

251 1165 443 1272 ἑκίιιριιξαν,
470 1171 530 1244 καὶ
557 1161 730 1256 ἓσιίίησιιν.
786 1166 871 1242 Ἐπί
892 1165 950 1243 σοί
971 1199 1007 1243 τε
1035 1161 1199 1255 ἤλπισαν,
1225 1171 1285 1240 καὶ
1314 1167 1350 1240 ιύ

210 1290 535 1402 ιονιιτῃτχίνίκσαν.
594 1288 741 1388 Ἐπειδὴ
773 1289 837 1368 οὖν
866 1285 998 1372 πάντες
1029 1293 1062 1366 oi
1092 1285 1186 1388 ἅγιοι
1214 1285 1375 1367 variamus

251 1418 377 1520 ἔτυχον
404 1414 503 1517 παριί
529 1447 613 1504 σον,
642 1410 876 1518 κεκρᾶξωπίς
901 1447 941 1492 τε
973 1412 1265 1512 εἰσηκούσθησαν
1293 1415 1354 1492 καὶ

251 1543 293 1622 οὐ
311 1539 625 1646 κατῃσχύνθησαν,
643 1537 751 1645 πόσῳ
769 1537 814 1636 δὴ
834 1539 948 1618 πλέον
972 1541 1057 1638 ε’μοῦ
1074 1547 1138 1618 τοῦ
1159 1546 1230 1618 σοῦ
1254 1541 1350 1640 ιἰγα-

250 1676 366 1767 πητοῦ
383 1666 512 1750 παιδὸς
527 1671 686 1760 βοῶντος
704 1671 849 1763 μᾶλλον
867 1663 1036 1744 ἁπάντων
1053 1667 1112 1742 καὶ
1129 1662 1353 1766 ἑτοιμότερον

252 1791 448 1897 είσακοιίσῃ
463 1825 473 1889 ;
501 1798 546 1871 Εἰ
560 1791 597 1870 δὲ
611 1794 670 1870 καὶ
683 1793 1006 1886 ἀποθαυμαστικῶς
1021 1792 1124 1894 φημὶ,
1141 1788 1352 1895 κεκράξομαι
1364 1829 1395 1864 ιο

254 1929 314 1999 καὶ
344 1925 403 2000 οὐκ
431 1917 630 2031 sisnandum
669 1917 753 1996 ἀλλ’
781 1921 840 1995 οὐκ
879 1923 926 2000 εἰς
957 1915 1068 1995 ι’ίιιιιιν
1100 1917 1120 1993 ὁ
1149 1913 1261 2016 λόγος
1291 1949 1354 2014 μοι

251 2045 478 2152 προφερεται.
537 2039 633 2122 Οἶδα
657 2050 745 2144 γοῦν
769 2041 865 2124 ὅπως
886 2039 952 2140 τὴν
974 2038 1082 2144 εὐχὴν
1101 2042 1284 2146 προφέρω,
1301 2039 1352 2140 μὴ

252 2171 528 2273 ἐναβρυνόμενος
554 2167 605 2268 μὴ
632 2166 670 2246 δὲ
698 2167 975 2271 ε’γκανχαίμενος,
1001 2168 1157 2250 ἀλλ’ὡς
1184 2201 1348 2248 ταπεινο-

211 2335 244 2386 49
281 2302 407 2397 ρονῶν.
457 2296 559 2374 Ἐπεὶ
577 2291 649 2395 γὰρ
665 2291 781 2398 πρᾷός
798 2297 869 2390 εἶμι
890 2295 948 2373 καὶ
969 2291 1134 2376 ταπεινὸς
1150 2298 1196 2397 τῇ
1215 2294 1352 2398 καρδιξι,
1363 2329 1394 2381 ις

249 2426 423 2504 ταπεινῶς
438 2423 495 2498 καὶ
515 2425 561 2522 τῇ
579 2420 732 2515 ε’μαντοῦ
749 2416 924 2523 πρᾳότητι
943 2419 1075 2501 οἰκείως
1096 2421 1178 2520 περὶ
1200 2421 1352 2516 ἐμαυτοῦ

249 2545 398 2626 ταπεινὰ
416 2545 630 2648 φθεγγομαι,
649 2546 741 2622 οὕτω
760 2543 803 2642 δὴ
821 2547 880 2623 καὶ
898 2543 1073 2643 σκώληκα
1098 2544 1251 2641 ε’μαντόν
1272 2547 1472 2644 dvo-p.498

250 2672 359 2776 μάζα.
417 2673 468 2751 Τί
493 2669 564 2774 γὰρ
595 2667 641 2750 ἂν
670 2671 807 2772 γένοιτο
834 2669 1049 2770 tardique
1076 2670 1348 2774 runewdrepav3

313 2917 328 2950 ⁰
342 2911 382 2964 καὶ
397 2910 483 2964 αὐτοῖς
497 2909 527 2964 Ρ.
691 2916 707 2962 Ρ
721 2906 871 2980 ε’ρῦσθιγσιιν
885 2909 912 2962 S.
1088 2915 1103 2960 (1
1118 2909 1245 2963 σκῶλικος
1260 2907 1289 2961 S.

253 3103 311 3143 uon
335 3083 427 3139 solum
451 3101 507 3147 me,
532 3083 583 3140 sed
606 3081 691 3140 etiam
715 3101 814 3141 omnes
834 3092 948 3141 muetos
970 3093 1043 3141 tuna
1086 3082 1207 3156 Semper
1226 3081 1301 3138 enirn
1323 3089 1354 3139 et

253 3181 453 3237 usquequaque
473 3165 501 3218 ia
523 3162 576 3219 tuis
597 3164 830 3230 renuntiabitur,
850 3165 981 3238 idemque
1001 3163 1061 3238 ipse
1082 3182 1113 3219 es
1134 3162 1353 3237 uniuscujusque

254 3245 316 3301 Deo
336 3241 482 3300 familiaris
503 3251 586 3317 atque
607 3244 690 3300 amici
709 3243 841 3308 hominia,
857 3244 905 3318 qui
918 3243 1007 3301 israel
1018 3242 1150 3318 appellari
1164 3243 1352 3308 consueverit,

254 3325 333 3382 laur.-
355 3332 513 3398 propterte
527 3325 604 3381 enirn
618 3324 654 3381 ad
668 3343 782 3381 ornnem
797 3343 862 3382 eum
876 3325 923 3398 qni
938 3333 966 3381 te
981 3325 1145 3398 complexus
1167 3323 1203 3379 ait
1217 3341 1276 3379 non
1289 3323 1354 3379 vul·

254 3405 331 3482 guris
344 3403 440 3461 venire
455 3405 527 3461 solet
540 3404 612 3461 laus.
655 3405 694 3461 Et
707 3405 736 3460 in
750 3413 779 3462 te
793 3414 887 3479 patres
901 3406 992 3462 nostri
1013 3411 1205 3480 speraverunt,
1222 3411 1251 3459 et
1265 3421 1353 3476 quum

255 3493 400 3561 sperarent
414 3485 450 3541 ab
464 3485 661 3558 ingruentibus
675 3485 704 3540 in
719 3484 797 3562 ipsos
811 3485 891 3542 malis
905 3485 1016 3542 liberati
1029 3492 1106 3547 aunt,
1115 3491 1143 3540 et
1158 3486 1195 3540 nd
1209 3491 1236 3538 te
1249 3483 1354 3539 οίαιιια-

254 3573 359 3631 uerunt,
374 3573 401 3620 et
421 3564 490 3620 tulvi
505 3565 581 3638 sacti
602 3573 673 3630 aunt,
688 3573 771 3638 utque
784 3568 812 3622 in
826 3573 853 3622 te
865 3573 1042 3639 speraverunt
1055 3573 1082 3621 et
1095 3563 1201 3638 confusi
1214 3581 1266 3619 noa
1280 3572 1353 3620 τινα.

255 3645 287 3703 Si
301 3645 388 3720 igitur
401 3663 500 3700 omnes
514 3644 604 3701 saneti
617 3645 679 3700 hmo
693 3663 710 3700 n
722 3653 752 3701 te
765 3646 999 3720 impetraverunt,
1015 3653 1044 3702 et
1058 3645 1212 3701 clamantes
1226 3643 1353 3700 exauditi

254 3734 322 3782 sunt
335 3744 393 3782 non
414 3732 507 3780 antem
527 3723 647 3790 confusi,
662 3733 768 3798 quanto
781 3727 874 3801 magis
887 3745 935 3782 me
948 3733 1028 3783 tuum
1043 3725 1177 3782 dilectum
1191 3723 1279 3780 filium
1293 3723 1353 3781 ela·

255 3815 380 3863 mantem
405 3824 463 3879 prae
487 3804 596 3861 cunetis
620 3805 724 3878 absque
747 3824 827 3862 mora
846 3806 1004 3863 exaudies?
1029 3805 1116 3874 Quod
1140 3803 1163 3860 si
1186 3803 1354 3862 admirnntis

255 3887 410 3960 cujuspiam
433 3885 522 3941 instar
539 3884 655 3942 enuntio
676 3885 755 3952 illud,
770 3887 891 3943 ιὶαικαόο
912 3894 938 3943 et
960 3905 1014 3944 non
1034 3886 1169 3948 εααιιιίὶει.
1182 3903 1242 3940 nnn
1255 3892 1353 3941 tamen

254 3967 290 4020 ad
317 3968 496 4040 insipientiam
519 3965 660 4040 profertur
676 3965 741 4022 talis
763 3985 779 4022 a
804 3985 850 4022 me
874 3967 974 4024 oratio.
1021 3966 1100 4023 Novi
1120 3965 1195 4022 euim
1217 3965 1353 4038 ipseque

255 4059 339 4100 sensu
353 4063 431 4102 meaa
452 4063 550 4119 preces
571 4046 696 4113 enuntio,
711 4065 769 4103 non
789 4047 993 4122 gloriabundus
1006 4045 1138 4103 videlieet
1154 4062 1246 4118 neque
1259 4043 1351 4117 janta-

253 4119 367 4178 bundas
379 4145 387 4179 ε
408 4141 475 4179 nam
490 4143 575 4197 quum
590 4127 644 4184 sim
658 4135 822 4184 mansuetus
836 4137 920 4202 atque
934 4126 1048 4184 humilis
1062 4125 1156 4193 eorde,
1168 4124 1267 4180 humili
1281 4124 1353 4182 item

253 4215 333 4284 more
347 4209 376 4253 et
390 4217 461 4254 meae
477 4205 687 4261 mansuetudini
705 4215 896 4264 consentaneo
916 4206 1033 4264 humilia
1054 4205 1090 4262 de
1111 4204 1219 4279 meipso
1239 4203 1351 4278 loquor.

252 4273 374 4330 Promde
388 4273 474 4328 eriam
487 4277 626 4348 meipsum
640 4301 765 4340 vermem
780 4287 908 4358 appellor
923 4294 952 4343 et
967 4285 1034 4359 qnid
1048 4301 1144 4341 verme
1158 4283 1274 4341 tandem
1289 4301 1352 4340 ease
