3132 4714
55 281 99 294 -
107 245 187 331 326.
442 246 670 314 DEMONST.
694 247 866 313 EVANG.
891 247 1014 312 v11.1.
1233 245 1293 312 651

197 411 503 512 α’ραιριαθὴσεται,
523 415 571 496 ὡς
598 411 648 512 μὴ
676 414 839 494 ἐπελθεῖν
865 416 937 493 ε’κεῖ
961 410 1091 517 φόβον,
1114 410 1214 491 ἀλλὰ
1241 414 1300 491 καὶ

197 541 245 618 είς
277 544 454 618 τοσοῖιπον
486 537 573 618 αὐτὸ
603 545 888 638 μεταβαλεῖσθαι
921 536 992 618 ἀπὸ
1025 541 1088 635 τῆς
1124 536 1299 639 προτέρας

196 661 344 762 ε’ρημιας
373 666 432 742 καὶ
458 663 592 768 χέρσου
620 669 678 744 καὶ
705 664 871 764 ἀκάνθης,
896 667 944 748 ὡς
971 663 1165 762 ἐπιτήδειον
1189 697 1339 744 κατα-ιο

196 791 329 885 στῆναι
361 797 408 875 εἰς
439 793 608 896 βόσκημα
639 795 811 901 πριβιίτιυ
840 801 899 872 καὶ
931 791 1176 894 ιιαταπιίτημιι
1203 789 1292 880 βιίς.

154 917 272 992 sallat
299 913 457 1017 πιίρεστί
481 951 523 1017 γε
549 918 842 1019 ἐπιλογίσασθαι,
866 917 963 1002 ίνπως
991 918 1015 1016 ἡ
1039 924 1103 997 τοῦ
1133 921 1327 1018 ΧριστοῦΙ)

197 1041 375 1140 ἐκκλησία
391 1041 507 1122 πάλαι
525 1045 620 1123 οὖσα
637 1043 768 1148 χέρσος
786 1048 845 1124 καὶ
863 1043 1000 1124 ἄκανθα
1023 1041 1082 1123 διὰ
1104 1046 1167 1141 τῆς
1189 1044 1298 1122 αὐτοῦ

197 1165 343 1270 χάριτος
368 1175 416 1253 είς
441 1177 615 1250 τοσοῦτον
633 1170 752 1269 ἤλασε
777 1175 993 1271 μεταβολῆς,
1011 1167 1106 1250 ὥστε
1127 1166 1221 1249 πόαν
1239 1173 1299 1248 καὶ

195 1293 357 1392 βοτάνην
375 1297 516 1375 εὔθετον
533 1300 597 1394 τῆς
615 1299 763 1397 λογικῆς
786 1296 1032 1401 καρποφορίας
1049 1297 1107 1375 ἐπὶ
1123 1303 1320 1377 τοσοῦτονε

196 1426 424 1519 βλαστῆσαι,
443 1424 490 1506 ὡς
509 1429 568 1501 καὶ
585 1419 668 1505 τοὺς
688 1422 930 1524 πραβατῶδεις
953 1424 1009 1502 καὶ
1031 1420 1299 1521 ἁπλουστέρους

197 1547 392 1627 ἀπολαύειν
418 1549 526 1647 mitris
554 1548 738 1644 δύνασθαι,
761 1549 844 1632 τούς
870 1582 909 1627 τε
937 1551 974 1626 ἐν
1001 1547 1073 1654 ἕξει
1099 1545 1299 1652 τελειοτέρᾳ

196 1673 470 1775 προβεβηκότας
497 1676 606 1778 ἀροῦν
632 1680 689 1754 καὶ
717 1681 886 1778 γεωργεῖν
910 1673 1030 1774 αι’νιὴν,
1054 1670 1145 1769 βόας
1173 1706 1292 1776 προσ·

196 1802 482 1903 αγορευομένους,
501 1801 626 1905 ὥσπερ
647 1803 711 1882 οὖν
727 1801 791 1882 τὸν
810 1808 904 1882 θεῖον
921 1802 1131 1883 ἀπόστολον
1147 1799 1292 1881 παιδεύ-
1307 1839 1337 1873 ιο

196 1961 285 2006 αισα
312 1925 595 2029 παρεστήσαμεν
611 1930 650 2008 ἐν
667 1934 719 2035 τῷ
737 1927 861 2032 φιῖναι,
878 1927 926 2032 pir
944 1929 1006 2008 ταῖν
1024 1927 1110 2022 βιιῖι
1128 1927 1226 2032 μέλει
1250 1935 1297 2036 τῷ

199 2063 295 2160 Θεῷ,
324 2053 342 2146 ri
368 2049 408 2133 θί
428 2058 536 2159 ’ὑμεῖς
554 2053 688 2140 πάντας
717 2056 837 2156 λέγει,
868 2051 907 2134 θῖ
927 2059 1035 2161 ’ὑμεῖς
1059 2055 1127 2160 γῖιρ
1149 2054 1321 2160 ε’·γριίφη,ο

199 2179 246 2258 iri
274 2185 400 2286 ίφείλιι
429 2189 444 2261 ι’
473 2181 620 2290 ιἰριτριιῖν
648 2184 700 2260 ἐπ’
730 2178 846 2262 ε’λπίθι
871 2185 1028 2289 ιἰριτριῖιι,
1060 2185 1161 2262 καὶὸ
1188 2180 1297 2261 ιἰλιιῖν

154 2307 252 2406 s9r'r'
277 2302 392 2388 ἑλπίθι
422 2311 476 2388 rori
503 2307 666 2410 μετέχειν.
727 2309 855 2392 Οὕτως
881 2307 904 2407 ἡ
933 2306 1048 2389 πάλαι
1080 2307 1208 2411 ἕρημος
1239 2312 1298 2388 καὶ

198 2431 329 2537 χέρσος
346 2435 591 2534 μεταβέβληκε
609 2437 620 2480 ⁸
628 2434 718 2535 μετὰ
734 2435 801 2535 τὴν
818 2445 882 2518 τοῦ
901 2443 1066 2541 Χριστοῦ
1083 2438 1297 2539 παρουσίαν,

197 2561 245 2642 ὡς
263 2565 322 2638 καὶ
340 2568 414 2643 τοῖς
431 2563 543 2645 οὕτως
561 2561 778 2662 νενοημένοις
800 2566 931 2658 βουσὶν
950 2571 998 2647 εἰς
1022 2561 1088 2662 τὴν
1106 2561 1317 2662 «arditio-5

197 2695 266 2766 λου
292 2690 469 2790 γεωργίαν
495 2690 696 2787 ἐπιτηδείως
723 2689 825 2794 ἔχειν.
884 2691 1112 2790 Ἐπίστησον
1140 2688 1188 2784 δὲ,
1217 2690 1297 2768 τίνα

196 2809 332 2911 τρόπον
358 2810 428 2892 ὑπὸ
459 2815 545 2912 μίαν
572 2817 631 2894 καὶ
663 2813 730 2913 τὴν
757 2815 867 2914 αι’πὴν
900 2814 1057 2895 διάνοιαν
1086 2814 1225 2915 γένεσις
1257 2816 1296 2894 ἐκ

524 2959 614 3030 ’ἡμεῖς
630 2961 659 3014 S.
741 2959 843 3034 ῑιιατὰ]
861 2962 971 3031 μιτᾶΡ.

197 3095 307 3142 orntum
333 3086 367 3142 iri
389 3087 438 3150 sit,
456 3087 497 3143 itn
516 3086 630 3162 quidem
652 3097 684 3144 ut
708 3089 774 3146 illuc
792 3097 884 3146 terror
904 3107 1067 3148 accessurus
1088 3109 1146 3147 non
1167 3089 1213 3154 sit,
1230 3090 1297 3164 quin

198 3167 293 3240 potius
305 3185 394 3240 usque
411 3166 482 3224 adeo
501 3186 518 3224 n
538 3168 631 3243 priore
652 3169 803 3226 solitudine
822 3179 851 3227 ct
870 3179 948 3228 terra
961 3171 1068 3228 inculta
1081 3179 1111 3228 et
1124 3171 1205 3246 spine
1219 3189 1297 3228 com·

198 3247 375 3310 mutandum,
391 3256 422 3304 ut
436 3247 553 3306 idoneus
567 3248 679 3306 futurus
693 3250 729 3306 sit
744 3251 791 3325 qui
805 3251 906 3308 evadat
919 3255 946 3308 iu
959 3271 1063 3325 pascuo
1078 3255 1133 3308 oois
1147 3259 1173 3308 et
1188 3253 1296 3310 concul-

198 3329 331 3384 cationem
347 3327 428 3385 bovis.
471 3327 509 3386 m
523 3348 590 3386 sane
604 3329 713 3388 ratione
733 3331 867 3406 colligere
888 3350 1037 3406 possumus
1059 3331 1296 3406 quemadmodum

198 3407 304 3464 Christi
319 3408 445 3474 ecclesis,
458 3429 520 3482 qum
534 3410 602 3467 olim
616 3419 677 3467 emt
691 3420 767 3468 term
780 3412 886 3468 incultu
899 3420 929 3468 et
942 3412 1031 3486 spine,
1046 3410 1082 3467 nd
1096 3419 1205 3467 tantam
1218 3430 1296 3468 corn-

198 3488 384 3544 mutntiooem
399 3507 449 3564 per
462 3489 549 3564 ipsius
563 3491 684 3566 gratiam
699 3492 869 3567 pervenerit.
883 3500 914 3547 ut
927 3491 1044 3548 herbam
1059 3490 1203 3547 rationalis
1217 3490 1295 3546 serti-

197 3567 285 3624 litntis
305 3577 335 3624 et
359 3569 492 3643 pabulum
515 3579 686 3646 oportunum
708 3591 797 3646 usque
822 3571 894 3628 odeo
918 3570 1076 3645 protulerit.
1096 3581 1128 3626 nt
1147 3578 1177 3626 et
1196 3569 1297 3628 ovibus

197 3647 304 3706 similes
319 3657 348 3706 et
362 3649 546 3724 simpliciores
560 3670 594 3708 en
608 3651 662 3708 frui
676 3653 797 3726 possint,
807 3661 836 3709 ct
847 3651 894 3726 qui
908 3651 945 3707 nd
958 3649 1086 3707 habitum
1101 3649 1297 3724 perfectiorem

196 3729 386 3802 pervenerint,
402 3729 449 3804 qui
469 3731 557 3788 boves
578 3733 763 3807 appellantur,
779 3732 898 3790 candem
918 3750 997 3788 arere
1013 3739 1043 3788 et
1056 3731 1156 3796 colere,
1172 3749 1206 3787 eo
1228 3749 1296 3788 sane

196 3809 283 3865 modo
295 3829 351 3884 quo
365 3809 490 3868 divinum
505 3812 665 3887 apostolum
677 3812 826 3870 docentem
838 3813 1022 3878 ostendimus,
1034 3810 1147 3868 ubisit:
1163 3811 1298 3885 Nusquid
1340 3817 1403 3858 ¹⁰⁰¹·
1411 3829 1430 3869 ς.
1438 3829 1458 3868 9·

197 3889 231 3945 de
245 3889 328 3946 tuom
342 3909 408 3947 curn
425 3900 464 3948 est
480 3893 570 3948 Deo?
590 3895 636 3950 An
648 3901 760 3967 propter
774 3912 820 3951 nos
833 3897 941 3950 omnino
955 3893 1029 3958 dicit,
1041 3899 1154 3966 propter
1167 3911 1214 3948 nos
1226 3893 1297 3949 enim

196 3969 301 4044 scripta
314 3979 386 4034 runt,
402 3973 528 4046 ηιιοιιὶοια
548 3973 624 4029 debet
645 3975 690 4046 qui
710 3983 774 4030 arnt
793 3976 821 4032 in
840 3992 889 4048 spe
909 3991 1001 4038 arare,
1017 3980 1043 4028 et
1065 3974 1112 4047 qui
1131 3975 1253 4042 triturat,
1269 3977 1297 4030 ir

195 4069 243 4123 spe
264 4052 438 4126 participare.
480 4051 526 4109 lta
547 4072 609 4125 quse
631 4053 698 4110 olim
720 4054 833 4112 deserta
856 4054 1016 4127 incultaque
1041 4061 1102 4109 erat
1126 4060 1210 4118 term,
1232 4063 1298 4128 post

198 4129 306 4188 Christi
320 4130 473 4189 adventum
488 4141 662 4190 commutata
672 4142 725 4198 cst,
736 4143 766 4191 ut
775 4153 846 4208 quos
855 4152 889 4190 co
901 4134 986 4190 modo
995 4133 1083 4190 boves
1097 4132 1295 4198 intelleximus,

197 4209 231 4266 iis
246 4212 441 4270 convenientis
456 4221 584 4288 nptaeque
599 4214 809 4288 agricolationis
825 4231 906 4270 usum
921 4213 1054 4271 idoneum
1068 4213 1200 4288 praebent.
1240 4211 1297 4269 At.

197 4292 283 4349 tende
298 4309 365 4348 vero
380 4311 502 4366 quonum
518 4293 603 4350 modo
618 4295 670 4351 sub
686 4313 742 4350 uno
756 4293 912 4368 codemque
933 4313 1018 4350 sensu
1036 4301 1117 4350 ortus
1137 4293 1174 4349 de
1188 4291 1297 4366 virgine

740 4408 788 4444 ⁸2
