3130 4722
255 229 319 298 764
705 231 890 296 EUSEBII
1335 229 1486 314 p.384-

252 397 361 478 πόλιν
379 400 445 502 οὐχ
464 399 590 482 ἁπλῶς
608 397 709 476 ἀλλὰ
727 401 781 477 τοῦ
799 400 884 478 Θεοῦ
909 397 1007 476 πίλιν
1034 395 1212 494 ὠνόμασε,
1231 399 1290 474 καὶ
1312 395 1356 474 τὸ

253 523 428 623 ἀγάνορα,
443 527 497 603 τοῦ
516 527 599 604 Θεοῦ
616 527 800 626 ιἰγίατμιι,
813 527 872 602 καὶ
890 523 954 603 τὸν
972 520 1074 618 λαδν,
1085 525 1141 602 τοῦ
1156 525 1242 604 Θεοῦ
1259 523 1355 618 uuir,

216 647 408 728 ¹⁶dtade'aeu
425 653 471 753 τῇ
489 647 581 751 πρὸς
599 647 662 729 τὸν
682 645 786 728 λαόν.
833 649 963 728 Οὐκέτι
981 646 1053 746 μὴν
1071 651 1129 726 καὶ
1149 649 1169 726 ὁ
1189 646 1380 750 Γαβριῆλε
1541 631 1542 658 ³

254 776 383 873 ὁμοίως
407 776 502 879 αὐτῷ
530 782 635 854 καλεῖ
657 771 702 854 τὰ
731 775 945 873 δηλούμενα,
963 773 1120 870 ἔμπαλιν
1146 772 1184 852 δὲ
1208 776 1265 852 ε’πὶ
1292 772 1356 852 τὸν

253 902 335 980 λαίν
354 935 413 979 σου
432 906 536 1005 φησὶ,
554 902 613 979 καὶ
641 902 695 980 ἐπὶ
725 898 777 992 rip
803 902 901 979 πίλιν
928 897 981 991 rip
1008 903 1115 1000 ἁγίαν
1141 934 1210 995 τιν,
1228 932 1355 996 μονον-

253 1029 334 1129 ουχὶ
366 1029 423 1105 καὶ
455 1025 522 1126 τὴν
554 1024 674 1123 πόλιν,
705 1029 763 1105 καὶ
796 1025 859 1106 τὸν
890 1025 992 1124 λαὸν,
1024 1030 1083 1105 καὶ
1115 1023 1157 1106 τὸ
1190 1025 1354 1124 ἁγίασμα

254 1151 401 1257 ἀνάξιον
433 1148 519 1231 εἶναι
550 1156 614 1252 τῆς
646 1161 710 1232 τοῦ
741 1157 836 1232 Θεοῦ
873 1152 1120 1254 προσηγορίας
1151 1149 1351 1256 ἀποφήνας.

217 1283 443 1358 Ι7Τοσοι”νν·ον
466 1275 510 1376 δὴ
532 1278 595 1356 οὖν
612 1275 742 1380 χρόνον
767 1278 920 1380 ὡρίσθαι
944 1275 1035 1356 κατὰ
1053 1283 1117 1356 τοῦ
1138 1283 1229 1355 λαοῦ
1251 1280 1351 1376 πρῶ·
1364 1273 1399 1386 ff

254 1438 318 1484 τον
337 1403 458 1484 ἔπειτα
476 1405 534 1482 καὶ
557 1401 649 1481 κατὰ
670 1408 734 1502 τῆς
757 1400 899 1488 πόλεως
916 1399 1085 1499 διδάσκει,
1102 1404 1160 1480 καὶ
1183 1399 1357 1482 τοσοῦτός

254 1565 297 1633 γε
322 1528 371 1609 ὧν
396 1530 641 1610 ἆποδείκνιπαι
663 1529 736 1609 ἀπὸ
758 1534 822 1628 τῆς
839 1528 1069 1610 ἀνανεώσεως
1087 1531 1150 1621 τῆς
1168 1529 1351 1628 Ἰερονσα·

255 1653 341 1754 λὴμ,
360 1653 400 1734 ut,
426 1655 573 1757 γε’γονεν
600 1657 674 1734 ’ἐπὶ
702 1655 856 1757 Δαρείου
884 1661 948 1734 τοῦ
977 1659 1133 1756 Περσῶν
1160 1651 1352 1748 βασιλέως,

255 1779 361 1885 μέχρι
378 1783 441 1877 τῆς
460 1779 673 1881 Αὐγούστου
690 1779 878 1879 Ῥωμαίων
903 1770 1378 1881 ἐπικρατήσεως,”Ηρῶδου5

255 1939 294 1984 τε
307 1905 489 1984 Ἰουδαίων
506 1904 689 1998 βασιλέως
706 1905 923 2012 ἀλλοφύλου
941 1903 983 1984 τὸ
1001 1904 1113 2005 γένος,
1132 1905 1214 1982 καθ’
1231 1901 1291 1986 οὓς
1309 1899 1356 1981 τὰ

255 2034 319 2129 τῆς
337 2029 510 2132 γενέσεως
532 2035 724 2132 ἱστορεῖται
749 2041 813 2111 τοῦ
832 2035 999 2132 Σωτῆρος
1016 2030 1126 2127 ἡμῶν,
1141 2033 1190 2112 ὡς
1208 2030 1228 2107 ὁ
1247 2027 1358 2128 λόγος

218 2155 390 2260 ιςπροῖδνν
418 2156 592 2262 ἐπιδείξει.
642 2157 754 2262 Ἑξῆς
778 2157 816 2237 δὲ
842 2159 1007 2258 ἐπιλέγει,
1028 2159 1084 2236 τοῦ
1111 2151 1355 2247 martialium

255 2285 439 2386 ἁμαρτίαν,
462 2290 521 2361 καὶ
547 2283 602 2360 τοῦ
627 2284 826 2389 σφραγίσαν
845 2285 1033 2387 ἁμαρτίας,
1056 2289 1115 2361 καὶ
1142 2272 1399 2385 circadalium

255 2409 412 2511 ἀνομίας,
439 2416 498 2486 καὶ
524 2409 579 2485 τοῦ
605 2405 833 2514 ἐξιλάσασθαι
859 2402 1012 2498 ἀδικίας,
1040 2415 1101 2487 sal
1129 2411 1278 2509 ιἰγιιγεῦν
1306 2401 1356 2485 δν-

257 2530 424 2624 saraim
439 2532 572 2622 αίιίνιιν,
591 2539 650 2612 καί
670 2535 724 2612 τοῦ
743 2537 939 2641 σφραγίσαι
959 2534 1080 2638 ίρατιν,
1098 2541 1157 2612 καὶ
1177 2535 1384 2639 προφήτην,θ

257 2661 398 2739 καὶτοῦ
421 2661 539 2766 χρῖσαι
563 2657 660 2760 ίίγιιν
685 2663 803 2760 ιἰγίων.
852 2661 954 2738 Ἀντὶ
970 2656 1037 2757 μὲν
1055 2660 1117 2739 οὖν
1134 2661 1190 2737 τοῦ
1206 2677 1356 2737 συντελε-

595 2803 741 2878 qaus.
826 2804 1017 2877 tausis

256 2919 398 2994 descripta
410 2919 507 2977 babes.
549 2919 635 2976 Plane
655 2917 743 2993 igitur
763 2917 793 2974 iu
813 2916 858 2974 bis
878 2916 1018 2991 propheta
1036 2935 1094 2973 uon
1109 2915 1274 2990 simpliciter
1287 2913 1355 2971 ciri-

256 3005 354 3066 tatem‚
370 2999 421 3055 sed
436 2999 492 3056 Dei
507 3001 643 3056 civitatem
657 2998 822 3062 nominavit,
838 3006 867 3054 et
881 2996 1081 3060 sanctuarium,
1095 2997 1150 3053 Dei
1163 2997 1355 3060 sanctuarium.

256 3085 286 3135 et
306 3078 451 3152 populum,
469 3081 526 3135 Dei
543 3081 684 3155 populum.
702 3079 741 3136 ita
760 3077 891 3136 videlicet
911 3077 1006 3134 auimo
1028 3094 1098 3151 erga
1121 3076 1200 3132 illam
1222 3075 1355 3151 populum

257 3157 384 3215 affectus.
427 3159 546 3215 atvero
562 3159 677 3217 Gabriel
694 3179 752 3216 non
772 3159 842 3215 item
856 3167 888 3214 ut
901 3159 961 3232 ipse
978 3176 1012 3214 ea
1031 3157 1172 3232 quaejam
1194 3157 1358 3213 dictasunt

257 3245 351 3303 vocat,
373 3239 424 3294 sed
445 3257 481 3296 ex
502 3240 643 3296 contrario
666 3258 748 3315 super
770 3240 902 3313 populum
927 3247 1004 3296 tuum
1028 3237 1118 3310 inquit
1140 3246 1169 3293 et
1189 3255 1270 3311 super
1291 3239 1356 3292 ciui·

258 3325 342 3376 tatem
361 3328 483 3376 ranetam
504 3326 588 3386 tuam,
603 3321 652 3377 ubi
673 3320 878 3394 propemodum
899 3327 929 3376 et
948 3318 1101 3381 civitatem.
1119 3325 1149 3373 et
1169 3317 1313 3391 populum,
1327 3323 1358 3372 et

258 3400 449 3457 sanctuarium
463 3399 512 3456 illa
525 3401 579 3457 Dei
593 3400 781 3475 appellatione
795 3399 914 3474 indigna
926 3417 988 3456 esse
1003 3399 1190 3454 demonstrat.
1231 3397 1357 3453 Tantum

257 3479 346 3555 igitar
359 3481 495 3555 temporie
510 3481 632 3555 spatium
645 3481 768 3554 primum
782 3487 882 3538 contra
898 3479 1043 3553 populum.
1059 3477 1161 3535 deinde
1176 3485 1276 3534 contra
1289 3476 1358 3532 ciri.

257 3567 347 3618 tatem
367 3561 537 3634 praefinitum
558 3579 620 3618 esse
641 3561 742 3618 docet:
764 3569 794 3617 et
808 3560 884 3634 quod
898 3567 1010 3616 tantum
1029 3558 1066 3614 sit
1084 3557 1210 3615 ostendit
1224 3576 1258 3614 ex
1273 3574 1356 3613 mno-

257 3641 371 3698 ratioue
392 3641 580 3698 Hierusalem.
623 3641 658 3697 ld
681 3658 766 3714 porro
790 3641 952 3698 continetur
974 3657 991 3695 a
1011 3637 1099 3695 Dario
1118 3638 1268 3696 Persarum
1289 3653 1358 3710 rege

258 3739 347 3794 usque
368 3720 404 3777 ad
424 3721 548 3796 Augusti
564 3720 740 3776 dominatum
761 3721 791 3776 in
813 3721 958 3777 Romanos
980 3728 1010 3776 et
1030 3719 1176 3776 Herodem
1193 3717 1358 3776 ludaeorum

161 3799 167 3812 '
258 3819 366 3876 regem,
383 3800 429 3874 qui
451 3802 543 3858 alieno
564 3818 669 3874 genere
688 3807 771 3856 natus
785 3808 838 3863 est,
854 3819 973 3874 quorum
987 3800 1163 3874 temporibus
1184 3817 1218 3855 aa
1238 3816 1300 3872 quae
1322 3795 1359 3853 ad

258 3889 353 3937 ortum
368 3879 523 3937 Salvatoris
536 3880 627 3937 nostri
641 3879 784 3952 pertinent
800 3889 978 3944 enarrantur,
993 3877 1231 3953 quemadmodum
1245 3877 1358 3952 longius

258 3977 409 4033 progressa
433 3961 524 4018 oratio
546 3959 760 4018 demonstrabit.
802 3959 911 4017 Ordine
931 3960 1064 4033 deinceps
1084 3959 1220 4032 sequitur.
1244 3965 1275 4014 ut
1295 3976 1358 4014 aau-

258 4044 409 4094 summetur
428 4049 578 4113 peccatum,
599 4047 626 4096 et
644 4041 723 4114 quari
742 4042 842 4096 annulo
858 4041 1002 4114 ripaeutur
1022 4046 1148 4114 peccata,
1170 4048 1197 4094 et
1217 4039 1360 4096 deleam

257 4117 422 4191 iniquitates,
437 4127 463 4174 et
484 4121 625 4194 expientur
637 4119 786 4192 injustitia,
802 4128 828 4176 et
849 4121 997 4177 inducatur
1010 4117 1124 4190 justitia
1143 4122 1358 4192 sempiternae

258 4198 335 4266 quasi
355 4198 433 4268 εὶρνιο
453 4201 581 4270 impressa
602 4201 748 4256 claudatur
766 4201 834 4255 sisio
854 4207 880 4256 at
902 4199 1045 4273 propheta,
1067 4205 1094 4255 et
1113 4205 1230 4274 ιιιιροίιντ
1247 4205 1358 4255 sauctus

256 4280 418 4329 sanctarum.
460 4275 571 4330 Proca
592 4285 686 4334 autem
710 4279 786 4351 quod
807 4287 860 4344 est,
883 4287 915 4334 ut
935 4285 1133 4336 consummetur
1153 4287 1305 4352 ροεςοΙινννι,
1327 4287 1358 4333 et
