3120 4716
56 222 197 300 —448.
453 229 682 296 canossa.
707 232 877 298 artano.
901 235 969 297 1x.
989 253 1037 320 13.
1246 234 1312 300 aar

207 387 391 490 ζωογονεῖν
408 390 445 470 δὲ
471 391 622 494 νεκροῦς,
642 395 823 496 σωτηρίαν
849 427 887 473 τε
911 396 1107 471 ἀσθενοῦσι
1132 390 1334 495 παρέχειν,5

208 515 360 617 ἀνοίγειν
389 517 667 624 τεξόφθαλμοῦς
698 527 858 623 τυφλῶν,
886 523 944 598 καὶ
977 525 1109 625 κωφῶν
1139 517 1311 601 ὡσαύτως

209 640 317 726 ἀκοάς
335 647 468 739 ίῦσθαι,
487 643 628 748 χωλούς
653 679 691 724 τε
716 649 900 749 ἀνορθοῦν,
918 649 977 726 καὶ
1001 644 1082 729 τοῦς
1100 643 1166 743 τὴν
1184 650 1305 745 γλῶτ-

207 804 274 848 ταν
293 771 493 868 δεδεμένους
511 770 685 858 εῦλάλους
703 776 960 870 ἀποκαθιστᾶν,
976 771 1067 873 ἅπερ
1080 769 1222 851 ἅπαντα
1241 767 1309 849 ῦπῦ

208 906 272 976 τοῦ
296 903 462 1000 Σωτῆρος
480 900 580 998 ἡμῶν
598 902 722 999 Ἰησοῦ
740 907 905 1002 Χριστοῦ
929 899 1137 1002 πέπρακται,
1157 895 1214 977 οἶα
1241 896 1309 977 ῦπδ
1321 931 1351 965 ¹0

209 1029 314 1121 θεοῦ,
344 1029 402 1104 καὶ
436 1024 722 1130 ῒμεμαρτύρηταί
747 1062 790 1128 γε
818 1025 887 1106 ῦπὸ
919 1024 1095 1106 πλειόνων
1124 1031 1197 1103 τῶν
1225 1026 1307 1104 καθ’

184 1151 297 1249 εόλης
314 1157 378 1251 τῆς
396 1153 599 1253 οἰκουμένης
616 1153 846 1260 κηρυξάντων
865 1154 983 1232 αὐτόν.
1035 1150 1109 1231 Ὧν
1127 1151 1169 1231 τὸ
1191 1152 1340 1235 ἄπλοι-1)

207 1312 299 1358 στου
317 1283 374 1358 καὶ
393 1278 524 1379 ἀληθές
541 1284 604 1378 τῆς
621 1283 816 1384 μαρτυρίας
833 1287 1022 1360 πιστοῦται
1047 1280 1069 1378 ἡ
1096 1276 1156 1358 διὰ
1183 1276 1305 1373 βασά-

208 1440 278 1486 νων
296 1414 411 1508 πεῖρα,
430 1411 489 1487 καὶ
514 1409 536 1507 ἡ
558 1408 664 1512 μέχρι
687 1407 841 1488 θανάτου
860 1408 1040 1502 ἔνστασις,
1058 1403 1103 1504 ἢν
1121 1408 1177 1484 ε’πὶ
1194 1413 1307 1500 βασι-

209 1535 302 1613 λέων
341 1533 524 1639 ἀρχόντων
560 1571 598 1615 τε
640 1538 699 1615 καὶ
742 1534 926 1637 ἡγεμόνων
964 1537 1022 1614 καὶ
1066 1533 1163 1614 ὅλων
1200 1536 1333 1622 ε’θνῶν5

209 1662 436 1768 ἐνεδείξαντο,
475 1669 548 1744 τοῖς
586 1663 642 1741 ὑπ’
677 1664 794 1741 αὐτῶν
836 1660 1103 1764 κηρυττομένοις
1141 1657 1310 1758 ἀλήθειαν

185 1786 570 1890 6έπιμαρτυρήσαιπες.
632 1789 782 1872 Τούτοις
819 1788 857 1868 δὲ
894 1790 1011 1870 αὐτοῖς
1048 1788 1201 1888 ἡγοῦμαι
1238 1794 1311 1870 τοῖς

12 1865 14 1972 l
210 1913 480 2013 εῦαγγελισταῖς
498 1914 607 1993 αὐτοῦ
626 1915 684 1992 καὶ
703 1911 923 1999 ἀποστόλοις
940 1917 1129 2019 ἐπιφωνεῖν
1147 1911 1189 1993 τὸ
1206 1921 1311 1993 πνεῦ-

208 2074 259 2136 μα
277 2037 319 2118 τὸ
336 2038 560 2144 προφητικὸν
578 2039 623 2119 rol
640 2039 712 2120 ἀπὸ
731 2049 805 2136 τοῦ,
824 2040 991 2139 ἰσχύσατε
1009 2047 1115 2148 χεῖρες
1132 2038 1308 2146 ἀνειμένοι,
1322 2087 1352 2121 ιο

211 2175 271 2247 καὶ
293 2169 424 2267 γίνοιτο
450 2171 731 2273 παρνλελυμίνιι.
790 2171 892 2248 Ἐπεὶ
915 2167 988 2269 γάρ
1014 2166 1079 2251 τάς
1106 2174 1225 2271 χεῖρας
1252 2172 1310 2247 καὶ

208 2293 273 2376 τάς
299 2292 493 2396 πρακτικὰς
521 2295 684 2391 δυνάμεις
712 2295 809 2375 οῦτοι
841 2292 905 2377 τάς
933 2328 972 2375 τε
999 2292 1126 2388 βάσεις
1154 2299 1211 2374 καὶ
1243 2293 1335 2394 τὴνο

208 2422 355 2524 πορείαν
372 2420 444 2503 ἀπὸ
462 2427 525 2522 τῆς
544 2430 680 2525 μακρᾶς
693 2421 857 2525 περιόδου
876 2427 939 2521 τῆς
957 2421 1048 2502 κατὰ
1066 2420 1129 2500 τὸν
1144 2423 1311 2505 Μωσέως

210 2546 319 2646 νόμον
347 2551 512 2652 λατρείας
538 2550 772 2651 παρείθησαν,
801 2549 978 2651 διεγείρων
1007 2546 1132 2632 αὐτοῦς
1160 2551 1217 2628 ε’πὶ
1244 2546 1310 2646 τὴν

452 2747 464 2790 t
476 2749 632 2823 μαρτύρεται
646 2751 705 2805 ΕΙ).
721 2750 837 2805 PARIS.
864 2744 1065 2826 μαρτῦρηταιῑὸ.

207 2897 337 2961 alterius*
350 2910 487 2977 praeterea
515 2899 685 2978 cujuspiam]
699 2899 811 2960 munos'
825 2902 910 2960 liserit
937 2903 1120 2960 corroborare
1146 2901 1308 2968 dissolutos,

207 2984 272 3041 vitae
287 2984 405 3042 reddere
420 2995 557 3049 mortuos,
572 2985 698 3058 prebere
716 2984 837 3041 salutern
858 2983 1074 3061 egrotantibus,
1089 3001 1228 3041 cecorum
1242 3003 1309 3058 ape·

207 3064 263 3122 rire
284 3065 391 3129 oculos,
406 3082 543 3138 auresque
564 3065 632 3121 item
655 3083 755 3122 sanare
777 3066 936 3132 surdorum,
958 3075 988 3122 et
1008 3065 1118 3140 erigere
1139 3064 1264 3131 claudos,
1278 3074 1309 3121 et

206 3145 334 3220 linguam
350 3145 514 3220 impeditam
537 3144 706 3203 habentibus
728 3146 892 3204 facultatem
912 3147 1045 3221 loquendi
1066 3147 1225 3210 restituere,
1245 3163 1308 3220 quae

207 3226 302 3282 omnia
316 3225 447 3283 Salvator
461 3244 494 3283 ac
508 3225 647 3282 Dominus
664 3235 761 3283 noster
774 3227 860 3284 lesus
875 3227 1006 3284 Christus
1020 3227 1222 3284 admirabiliter
1235 3245 1307 3301 prce-

207 3307 289 3372 stitit,
305 3315 440 3380 tanquam
461 3307 485 3362 is
506 3307 554 3381 qui
567 3325 651 3364 verus
672 3307 709 3363 sit'
723 3307 811 3373 Deus,
826 3315 855 3364 et
868 3306 930 3363 haec
950 3307 1046 3365 omnia
1060 3307 1213 3363 multorum
1226 3307 1308 3363 testi-

207 3387 315 3452 monio,
326 3387 375 3462 qui
388 3387 466 3444 illum
481 3385 581 3444 intoto
595 3388 664 3444 orbe
678 3388 876 3462 praedicarunt,
886 3388 971 3444 fidem
986 3393 1170 3461 acceperunt:
1187 3405 1308 3460 quorum

207 3467 365 3524 testimonii
378 3476 407 3524 et
421 3467 629 3542 simplicitatem
644 3476 674 3525 et
687 3468 835 3525 veritatem
849 3467 1007 3542 exploratio
1022 3485 1073 3541 per
1082 3474 1224 3523 tormenta
1238 3484 1307 3522 oon-

208 3548 312 3613 firmat,
321 3557 350 3606 et
360 3567 449 3624 usque
461 3549 496 3605 sd
511 3557 632 3607 mortem
647 3548 773 3606 certandi
787 3548 1004 3622 perseverantia,
1015 3565 1098 3620 quarn
1110 3546 1138 3602 in
1152 3555 1308 3620 conspectu

209 3635 238 3685 et
251 3647 353 3703 regum
374 3637 403 3686 et
422 3629 579 3704 principum
601 3637 630 3686 et
651 3629 801 3704 praesidum
823 3636 852 3685 et
870 3628 1063 3685 universarum
1084 3626 1212 3702 gentium
1235 3645 1307 3702 prae-

209 3709 352 3775 stiterunt,
367 3709 435 3766 dum
449 3727 557 3774 eorum,
572 3729 634 3785 quae
648 3711 684 3766 ab
698 3710 766 3786 ipsis
780 3708 1013 3784 praedicabantur,
1027 3707 1140 3764 veritati
1160 3707 1245 3763 fidem
1266 3707 1308 3764 sic

207 3789 324 3846 faciunt.
368 3790 457 3846 Porro
470 3799 565 3847 autem
586 3791 622 3848 ad
641 3791 695 3848 hos
708 3791 785 3866 ipsos
798 3799 827 3848 et
842 3789 1030 3863 evangelistas
1044 3788 1105 3862 ejus
1120 3795 1149 3844 et
1163 3788 1307 3862 apostolos

209 3869 340 3946 spiritum
353 3871 475 3927 arbitror
493 3871 645 3928 inclamare
658 3872 856 3948 propheticum
871 3889 904 3927 ea
917 3889 979 3944 ηοω
994 3869 1127 3944 deinceps
1141 3876 1306 3943 sequuntur,

208 3951 244 4006 ab
266 3951 314 4008 illo
335 3951 408 4018 loco,
427 3951 610 4009 Convalescite
629 3971 726 4009 manus
746 3956 868 4017 τοιαῦτα,
889 3959 916 4007 et
934 3969 1025 4025 genua
1047 3951 1186 4006 dissoluto.
1228 3947 1307 4006 Nam

209 4032 340 4104 quoniam
365 4032 395 4088 hi
421 4040 449 4088 et
475 4031 604 4088 manibus
627 4041 657 4088 et
677 4032 782 4090 viribus
803 4050 865 4106 quae
890 4029 926 4086 ad
950 4031 1092 4105 agendum
1115 4029 1258 4104 pertinent
1279 4038 1308 4086 et

208 4112 312 4185 plantis
334 4113 403 4188 ipsis
426 4121 455 4169 et
475 4112 587 4169 incessu
609 4130 645 4169 ex
669 4112 758 4187 longo
778 4111 951 4168 adorationis
972 4111 1126 4167 secundum
1149 4110 1307 4166 Mosaicam

208 4192 303 4267 legem
321 4195 439 4252 circuitu
458 4192 644 4269 elanguerant
658 4191 863 4265 solutioresque
881 4199 1038 4256 evaserant,
1057 4190 1162 4258 idcirco
1183 4190 1309 4247 excitans
