3130 4722
264 247 330 313 ἰιι
713 248 898 313 EUSEBII
1343 265 1375 327 p.
1385 257 1511 326 357-

264 411 392 508 Δαβὶιλ
405 415 563 507 βασιλίνι
581 419 680 496 αὐτοῦ
698 417 877 508 ἀναστήσω
895 421 998 520 αὐτῷ.
1050 413 1131 493 Τι’νι
1152 411 1189 492 δὲ
1214 411 1320 518 αὐτῷ,
1339 409 1364 510 ἢ
1553 426 1554 498 i

260 545 313 647 τῷ
332 543 454 634 Aaou
470 575 480 638 3
511 543 627 650 τούτῳ
644 539 717 644 γὰρ
735 541 871 647 ἔφησεν
895 537 1116 638 ἀναστήσειν
1140 537 1206 638 τὴν
1229 539 1359 618 ἀνατο-
1375 569 1402 617 ¹5

220 701 251 744 ιτ
262 666 334 766 λὴν
360 666 426 767 την
452 669 600 748 δικαίαν.
662 672 735 748 Καὶ
762 668 783 746 ὁ
810 666 992 770 Ζαχαρίας
1010 663 1049 744 δὲ
1065 669 1147 768 περὶ
1165 672 1229 745 τοῦ
1254 661 1486 746 αι’ντοι“νῐ>·.’558

259 793 497 900 προφητεύων
521 796 650 894 ὁμοίως
673 791 854 893 ἀνατολὴν
877 792 986 871 αὐτὸν
1011 798 1123 888 καλεῖ,
1141 783 1363 893 λε’γων,Ἰδ“τῗι

261 917 347 1022 levir,
367 917 513 1014 ιἰνατιλη
532 921 636 1022 impu
655 926 756 1028 αὐτῷ,
777 927 836 1000 καὶ
860 916 1068 1004 ὑποκάτωθεν
1086 920 1185 996 orire]
1205 922 1366 996 ιἰνατελιῗ

262 1041 460 1138 δικαιοσύνη.
511 1050 584 1126 Καὶ
602 1044 724 1142 πόλιν,
744 1044 885 1125 κωλύσω
902 1045 954 1124 τὶν
972 1037 1084 1125 deiude
1101 1080 1168 1148 μιν
1185 1045 1384 1135 decenarius

260 1173 368 1252 Ἀλλ’
388 1174 501 1257 οὐδείς
524 1209 566 1276 γε
592 1171 682 1272 μετὰ
707 1171 789 1256 τοὺς
806 1174 974 1275 Ἰερεμίου
998 1169 1158 1276 χρόνους,
1177 1170 1262 1248 ἀλλ’
1282 1169 1360 1250 οὐδὲ

259 1297 349 1398 μετὰ
366 1298 448 1384 τούς
466 1307 530 1380 τοῦ
549 1299 741 1404 Ζαχαρίου,
758 1305 917 1384 τοιοῦτος
935 1297 1070 1398 ἀνέστη
1094 1305 1167 1380 τοῖς
1192 1299 1232 1376 εἰι
1257 1329 1356 1400 περι·

260 1429 382 1526 τομῆς,
400 1429 447 1508 ὡς
475 1425 621 1518 ἀνατολὴ
647 1418 770 1505 diseio
792 1429 978 1524 κληθῆναι,
998 1431 1057 1505 καὶ
1085 1431 1223 1508 οσυνιεὶς
1245 1426 1358 1517 βασι·

220 1549 339 1637 ιιλεῗις
360 1561 419 1632 καὶ
439 1551 538 1633 ποιεῖν
559 1553 663 1657 κρίμα
683 1559 743 1631 καὶ
763 1545 966 1642 δικαιοσύνην
984 1551 1041 1630 ix}
1060 1547 1118 1642 riis
1138 1548 1214 1650 γ’ἦτ.
1254 1554 1299 1629 Ei
1322 1548 1360 1629 δὲ

259 1679 361 1780 λε’γοι
383 1712 436 1762 τις
460 1677 519 1756 διὰ
542 1677 678 1758 τούτων
697 1677 844 1776 Ἰησοῦν
867 1674 932 1756 τὸν
954 1683 1018 1755 τοῦ
1034 1674 1199 1756 Ἰωσεδὲκ
1225 1679 1354 1775 δηλοῦ·
1371 1709 1403 1744 ¹0

258 1811 357 1900 σθαι,
376 1804 520 1884 λεκτέον
542 1803 596 1884 ὅτι
621 1805 663 1882 οὐ
688 1802 908 1902 συνεσπγιτεν
926 1804 948 1882 ὁ
966 1799 1077 1902 λόγος
1094 1803 1202 1908 αὐτῷ.
1261 1803 1357 1882 Οὔτε

258 1927 330 2032 γὰρ
348 1927 420 2010 ἀπὸ
438 1930 561 2032 γένους
579 1932 701 2024 Δοβὶδ
720 1929 821 2013 οὗτος
839 1925 893 2026 ἦν,
912 1930 991 2008 οὔτε
1010 1931 1057 2011 ὡς
1075 1925 1250 2022 βασιλεὺς
1268 1929 1392 2022 fidu-b

218 2055 441 2139 ιισίλευσεν.
502 2061 588 2139 Πῶς
615 2055 653 2135 δὲ
683 2057 736 2136 ἐπ’
756 2058 887 2135 ἐκεῖνον
916 2054 1063 2135 δύναται
1089 2053 1278 2157 ἁρμόττειν
1304 2052 1358 2150 τὸ,

260 2193 319 2264 καὶ
349 2183 402 2264 τὶν
428 2177 555 2274 Aedi
576 2184 736 2275 βασιλέω
763 2187 944 2275 ιἰνωστὴσω
974 2187 1076 2288 αὐτῷ,
1103 2178 1210 2260 ὁπότε
1239 2183 1360 2285 φυλῆς

256 2307 322 2407 μὲν
344 2307 388 2408 ἦν
407 2312 503 2405 Λευὶ,
521 2306 656 2415 τάξεως
680 2310 712 2385 δ’
731 2309 986 2412 ἀρχιερατικῆς,
1005 2311 1064 2387 καὶ
1088 2306 1213 2407 γε’νους
1239 2307 1358 2408 ἑτέρου

255 2432 356 2535 παρὰ
382 2431 446 2512 τὸν
473 2437 604 2530 Audit,
622 2432 799 2528 βασιλεὺς
827 2434 857 2512 δ’
878 2435 1040 2532 ούδαμῶς
1067 2430 1224 2534 γεγονὸς
1251 2438 1355 2511 ἱστο-

256 2565 393 2662 ρεῖταις
419 2555 536 2638 Ὥστε
556 2565 584 2638 εἰ
606 2561 727 2659 μηδεὶς
746 2559 861 2661 ἕτερος
880 2559 1078 2660 εὑρίσκοιτο
1096 2564 1264 2653 τοιοῦτος,
1282 2553 1358 2658 ὥρα

258 2681 322 2764 τὸν
350 2683 660 2791 προφητευόμενον
692 2686 750 2764 καὶ
780 2682 837 2764 διὰ
865 2682 1001 2763 τούτων
1030 2684 1219 2783 ὁμολογεῖν
1247 2678 1359 2778 μόνον

258 2805 345 2890 εἶναι
369 2811 433 2890 τὸν
458 2815 609 2914 Σωτῆρα
636 2813 694 2890 καὶ
721 2809 854 2913 Κύρων
879 2809 990 2909 ἡμῶν,
1010 2807 1073 2889 τὸν
1091 2812 1150 2888 καὶ
1174 2811 1213 2888 ἐν
1230 2807 1358 2912 ἑτέροις

259 2942 337 3041 φῶς
367 2944 430 3015 τοῦ
459 2935 598 3033 κόσμου
630 2939 688 3014 καὶ
716 2940 795 3041 φῶς
822 2941 894 3014 τῶν
923 2937 1035 3015 ἐθνῶν
1062 2932 1352 3037 ἀνηγορενμεόὶον.
1369 2976 1403 3011 ιο

723 3083 847 3136 οσυνειλνν
861 3083 893 3136 P.

259 3183 375 3241 David?
396 3183 462 3241 huic
476 3184 550 3241 euim
572 3184 643 3241 dixit
658 3203 688 3242 se
710 3183 909 3242 suscitaturum
931 3195 1025 3242 ortum
1042 3187 1162 3261 justum.
1206 3184 1359 3243 Zacharias

152 3305 157 3317 .
176 3304 182 3322 .
214 3304 219 3316 .
258 3265 326 3322 item
342 3265 378 3322 de
392 3265 491 3322 eodem
503 3265 668 3331 vaticinans,
679 3275 773 3322 ortum
787 3267 866 3322 ilium
881 3266 1011 3324 similiter
1025 3275 1117 3332 vocet,
1136 3265 1204 3324 Bere
1215 3270 1267 3335 vir,
1282 3274 1359 3322 ortus

154 3385 210 3404 .,.
257 3363 353 3404 nomen
374 3348 407 3410 ei,
422 3353 449 3402 et
467 3345 560 3402 subter
580 3364 639 3403 ευυι
664 3349 767 3403 orietur
784 3348 905 3417 justitio.
948 3347 986 3403 Et
1005 3365 1111 3413 rursus,
1130 3347 1235 3404 Voeubo
1254 3365 1359 3404 rmum

257 3445 354 3493 meum,
370 3434 469 3484 ortum.
513 3425 571 3483 Sed
585 3428 660 3484 euim
674 3427 768 3483 nullus
785 3435 850 3502 post
865 3427 1016 3484 Hieremiae
1029 3436 1167 3502 tempore,
1183 3445 1216 3483 ac
1238 3445 1274 3484 ne
1293 3435 1361 3501 poet

257 3507 401 3564 Zacharioe
416 3506 528 3582 quidem
544 3507 617 3582 opud
631 3507 748 3563 Judaeos
762 3507 826 3564 tulis
841 3507 943 3573 extitit,
959 3517 990 3564 ut
1004 3509 1092 3564 oriens
1102 3511 1197 3578 justus
1210 3517 1361 3564 vocaretur

257 3595 286 3644 et
300 3589 455 3663 intelliyeue
468 3606 527 3652 rer,
542 3594 570 3643 et
581 3587 692 3663 jaciens
706 3589 841 3658 judicium
861 3596 888 3644 et
902 3590 1041 3658 justitiam
1056 3589 1084 3644 iu
1100 3595 1184 3645 terra.
1227 3587 1314 3656 Quod
1334 3588 1359 3643 εἰ

257 3667 320 3741 quis
334 3667 451 3725 dicatio
465 3667 510 3724 his
523 3666 622 3724 Jesum
636 3669 725 3725 filium
739 3666 861 3725 Josedeo
876 3667 1039 3743 significari,
1049 3667 1200 3725 dicendum
1213 3667 1269 3725 erit
1282 3668 1360 3742 quod

256 3748 331 3805 ratio
344 3748 405 3805 heo
419 3747 459 3804 illi
473 3756 603 3804 constare
617 3767 675 3804 non
688 3756 792 3822 potest.
836 3747 912 3804 Num
927 3748 973 3805 hie
986 3765 1078 3822 neque
1092 3749 1128 3806 de
1141 3765 1247 3822 genere
1264 3747 1359 3805 David

256 3827 318 3894 fuit,
333 3847 424 3902 neque
446 3837 581 3902 tanquam
603 3845 655 3884 rex
677 3828 814 3901 regnavit.
857 3828 1010 3896 Quomodo
1026 3837 1120 3885 eutem
1138 3828 1178 3885 illi
1197 3835 1293 3903 potest
1311 3845 1358 3884 ao·

257 3908 431 3964 commodari
455 3909 534 3972 illud,
556 3907 599 3963 Et
622 3907 718 3964 David
739 3927 827 3981 regem
850 3909 986 3966 ιυιοὶιυόο
1005 3911 1038 3974 εἰ,
1061 3927 1146 3983 quum
1170 3919 1200 3965 et
1222 3925 1259 3965 ex
1283 3907 1359 3966 tribu

257 3985 327 4043 levi
341 3997 370 4044 et
384 4006 419 4044 ex
434 3988 533 4046 ordine
553 3987 698 4062 pontificio
717 3988 810 4052 fuerit,
826 3996 855 4044 et
874 4007 979 4064 genere
998 3989 1120 4045 eDevid
1134 3988 1250 4054 alienus,
1265 4006 1359 4062 neque

257 4085 309 4123 rex
323 4067 379 4123 ullo
394 4068 479 4124 modo
500 4069 627 4126 extitisse
647 4068 842 4126 memoretur?
864 4069 960 4137 Quare
979 4069 1004 4126 si
1022 4069 1116 4126 nullus
1130 4069 1201 4125 alius
1214 4069 1359 4126 invenitur

257 4145 330 4209 telis,
345 4155 457 4218 tempus
474 4147 535 4218 jem
556 4149 640 4205 fuerit
656 4167 720 4206 eum
735 4149 771 4205 de
786 4149 883 4223 quoin
899 4149 944 4206 his
958 4149 1079 4206 oreoulis
1094 4150 1200 4208 mentio
1213 4150 1290 4206 fecta
1303 4157 1357 4214 est,

257 4231 287 4280 et
300 4224 335 4279 de
356 4241 413 4295 quo
433 4222 481 4278 illa
501 4226 640 4298 praecipue
660 4226 823 4302 loquuntur,
838 4227 920 4284 fateri
935 4247 1022 4286 unum
1041 4247 1104 4286 esse
1125 4229 1302 4287 Seimtorem
1323 4247 1358 4286 eo

257 4299 410 4356 Dominum
426 4309 563 4366 nostrum,
576 4305 623 4374 qui
637 4305 702 4362 alibi
718 4315 748 4362 et
760 4306 808 4362 lux
824 4307 922 4363 mundi
936 4317 964 4364 et
978 4309 1074 4364 lumen
1088 4307 1218 4383 gentium
1228 4317 1356 4366 vocetur.
