3144 4720
243 239 307 306 res
689 236 874 301 nusnnu
1317 253 1482 318 μα»-

242 390 360 470 Ἱῖοῦτό
377 427 453 474 πως
465 391 631 491 Ἰωάννης·
647 395 667 470 ὁ
686 392 945 493 εὐαγγελιστὴς
958 396 1114 494 ἀκριβῶς
1128 393 1341 494 leprarum»
1353 420 1384 454 10

241 517 349 596 αὐτοῦ
368 523 419 622 τῷ
437 517 630 624 εὐαγγελίῳ
648 517 889 619 παραστήσει.
948 518 1015 616 Είη
1039 515 1083 595 ἀν
1102 519 1164 595 οὖν
1187 514 1369 613 ἑβδομάςα

242 647 329 721 ε’τῶν
347 645 411 740 μία
435 645 456 721 ὁ
478 650 549 726 πᾶς
568 643 695 746 χρόνος
713 649 777 742 τῆς
794 643 885 742 μετὰ
903 651 975 722 τῶν
993 641 1213 722 ἀποστόλων
1234 641 1342 720 αὐτοῦ

242 772 504 870 συνδιατριβῆς,
524 769 545 848 ό
567 803 605 848 τε
632 767 704 871 πρὸ
731 778 795 848 τοῦ
820 769 965 864 πάθους,
985 771 1042 848 καὶ
1069 771 1089 846 ὁ
1112 765 1202 864 μετὰ
1219 764 1285 864 τὴν
1303 769 1342 842 ἐκ

190 924 234 973 ¹⁰9
244 899 375 994 νεκρῶν
405 892 608 970 ἀνάστασιν
635 895 755 973 αὑτοῦ.
814 893 894 994 Πρὸ
922 892 986 989 μὲν
1014 892 1086 992 γὰρ
1113 901 1176 968 τοῦ
1204 891 1364 972 πάθουςς

242 1019 299 1096 ἐπὶ
320 1019 401 1117 τρία
425 1019 483 1094 καὶ
508 1017 620 1115 ἥμισυ
638 1017 698 1114 ε”τη
717 1023 790 1099 τοῖς
807 1023 921 1095 πᾶσιν
940 1015 1064 1094 ἑαυτὸν
1081 1011 1248 1118 παρέχων
1265 1049 1336 1110 μα·

243 1148 365 1238 θηταῖς
383 1175 421 1218 τε
447 1145 504 1220 καὶ
531 1149 603 1224 τοῖς
620 1139 670 1238 μὴ
695 1140 864 1222 τοιούτοις
889 1139 1166 1241 ἀναγέγραπται·
1197 1141 1278 1217 καθ’
1298 1138 1340 1216 όν

244 1267 489 1347 διδασκαλίαις
525 1265 740 1369 παραδόξοις
773 1298 812 1342 τε
850 1267 1049 1365 θεραπείαις
1081 1268 1144 1360 τῆς
1176 1260 1343 1361 θεότητος

242 1391 351 1468 αὑτοῦ
369 1389 433 1471 τάς
451 1387 613 1486 δυνάμεις
629 1396 744 1467 πᾶσιν
770 1391 896 1471 ἁπλῶς
912 1385 1083 1485 Ἕλλησί
1104 1421 1142 1465 τε
1170 1392 1229 1466 καὶ
1246 1390 1338 1467 Ἰου-

190 1517 353 1596 ιιοδαίοις
380 1516 579 1618 παρείχετο.
639 1513 744 1592 Μετὰ
769 1512 807 1592 δὲ
831 1512 896 1611 τὴν
920 1515 959 1591 ἐκ
986 1519 1116 1613 νεκρῶν
1137 1512 1341 1591 ἀνάστασιν
1354 1553 1386 1586 ιο

242 1637 305 1717 τὸν
323 1638 413 1734 ἴσον,
434 1642 482 1721 ὡς
499 1638 598 1733 εἰκὸς,
617 1645 706 1716 ῐτῶν
729 1640 818 1717 ἐτῶν
835 1637 965 1742 χρόνον
984 1645 1058 1719 τοῖς
1075 1640 1200 1715 ἑαυτοῦ
1218 1643 1371 1735 calip-d

241 1771 318 1846 ταῖς
346 1768 402 1842 καὶ
434 1762 652 1848 ἀποστόλοις
680 1769 804 1862 συνῆν,
833 1765 876 1842 δι’
901 1764 1041 1864 ἡμερῶν
1068 1761 1340 1864 τεσσαράκοντα

243 1887 480 1984 ὀπτανόμενος
508 1890 626 1971 αὐτοῖς
654 1892 711 1968 καὶ
740 1885 1040 1988 ’συναλιζόμενος
1064 1889 1122 1964 καὶ
1149 1885 1267 1986 λε’γων
1293 1885 1340 1964 τά

242 2015 321 2114 περὶ
346 2016 409 2110 τῆς
434 2013 623 2104 βασιλείας
647 2021 710 2090 τοῦ
737 2018 844 2108 Θεοῦ,
864 2015 912 2094 ὡς
930 2019 1017 2111 γοῦν
1037 2015 1073 2088 αἱ
1095 2008 1250 2114 Πράξεις
1268 2015 1363 2088 τῶνε

242 2137 483 2216 Ἀποστόλων
509 2136 746 2240 περιέχουσιν·
778 2140 826 2219 ὡς
844 2133 932 2214 εἶναι
957 2135 1088 2234 ταύτην
1114 2132 1179 2232 τὴν
1206 2137 1336 2231 δηλαυ-

244 2262 351 2360 μένην
384 2267 447 2358 τῆς
477 2263 695 2366 προφητείας
728 2269 800 2340 τῶν
832 2264 920 2339 ἐτῶν
957 2261 1148 2357 ἑβδομάδα,
1181 2261 1261 2339 καθ’
1298 2258 1343 2358 ἦν

192 2381 462 2488 ιιιένεθννιίμωσε
491 2381 641 2478 διαθήκην
669 2392 825 2475 πολλοῖς,
850 2383 917 2484 τὴν
945 2385 1067 2482 καινὴν
1096 2383 1233 2483 δηλαδὴ
1261 2389 1338 2462 δια·

244 2509 356 2608 θήκην
374 2518 437 2588 τοῦ
459 2511 689 2612 εὐαγγελαοῦ
712 2510 938 2611 κηρύγματος
956 2511 1147 2611 κρατύνων.
1197 2508 1285 2586 Τίσι
1304 2507 1343 2585 δὲ

243 2641 389 2720 πολλοῖς
413 2634 545 2734 ταύτην
572 2633 894 2732 ἐνεδυνάμωσεν,ἢ
923 2632 1090 2733 δηλονότι
1117 2640 1191 2715 τοῖς
1218 2636 1385 2710 ἑαυτοῶιο

285 2780 463 2851 adprosam
478 2781 508 2834 P.
625 2787 637 2817 ¹
650 2782 703 2832 τῶν
716 2778 781 2830 ε’τῶν
795 2777 825 2830 P.
839 2777 867 2830 in
883 2795 967 2848 marg.
1085 2776 1339 2846 Ισυναιιλιζόρενος]

245 2862 444 2927 συναλιζόμενος
467 2860 496 2912 Ρ.
520 2875 581 2912 cum
603 2859 663 2912 Act.
688 2857 783 2928 Apost.
803 2873 828 2922 ι,
844 2872 872 2927 4.
917 2857 980 2910 Vid.
1000 2855 1131 2910 Valcken.
1157 2856 1249 2909 adnot.
1274 2855 1342 2909 erit.

245 3039 429 3096 hebdomadis
451 3037 533 3094 unius
556 3037 711 3095 dimidium.
756 3038 822 3094 Hoc
847 3039 938 3112 ipsum
964 3038 1085 3112 quodam
1107 3037 1193 3093 modo
1217 3037 1343 3094 Joannes

246 3117 420 3190 evengelista
444 3117 631 3173 attentissime
655 3119 716 3190 ejus
738 3118 916 3192 evangelium
941 3117 1155 3174 obseruantibus
1180 3116 1342 3172 declarabit.

246 3195 310 3253 Erit
330 3194 418 3269 igitur
438 3195 594 3252 hebdomas
617 3215 755 3253 annorum
778 3217 834 3253 una
851 3215 935 3253 omne
957 3206 1070 3271 tempus
1092 3196 1252 3270 quodcum
1274 3213 1341 3268 apo·

246 3275 326 3332 stolis
341 3275 398 3330 suis
412 3285 539 3332 versatus
553 3285 606 3340 est,
622 3286 682 3332 tum
698 3286 847 3350 antequam
866 3295 966 3350 pessus
986 3285 1039 3343 est,
1054 3285 1115 3332 tum
1137 3285 1285 3349 postquam
1307 3274 1343 3330 de

246 3363 339 3412 morte
363 3355 400 3410 cd
420 3354 506 3411 vitam
528 3356 653 3412 revenit:
676 3375 742 3412 nam
766 3357 841 3430 quod
862 3365 1012 3429 antequam
1033 3356 1070 3411 ait
1091 3373 1191 3428 passus
1215 3373 1265 3428 per
1284 3363 1344 3410 tres

247 3454 336 3492 anuos
350 3442 379 3490 et
393 3435 479 3490 semis
498 3435 628 3508 omuibnp
648 3445 678 3491 et
696 3435 840 3509 discipulis
854 3444 882 3492 et
897 3453 954 3491 uon
969 3433 1112 3508 discipulis
1127 3434 1249 3507 seipsum
1264 3433 1342 3489 exhi·

246 3515 348 3576 buerit,
370 3515 461 3588 palam
483 3533 519 3570 ex
543 3514 578 3569 iis
599 3533 660 3587 quae
687 3514 791 3588 scripte
811 3524 877 3571 sunt
898 3514 933 3570 de
953 3514 1015 3587 ipso
1039 3513 1180 3588 proditum
1201 3522 1264 3569 est:
1287 3531 1344 3586 quo

246 3603 376 3668 tempore
390 3601 419 3649 ct
433 3593 609 3649 documentis
624 3603 653 3649 et
666 3594 850 3650 admiratione
865 3594 959 3666 dignis
979 3593 1169 3649 curationibus
1188 3585 1344 3648 divinitatis

247 3691 305 3729 suae
324 3673 398 3728 vires
419 3673 551 3727 omnibus
573 3672 738 3745 simpliciter
761 3681 819 3728 tam
846 3672 954 3728 Graccis
976 3691 1059 3745 qoam
1081 3672 1188 3727 Judaeis
1209 3670 1342 3727 ostendit.

248 3752 306 3808 Ubi
319 3770 386 3808 vero
401 3771 418 3806 a
432 3761 522 3806 morte
536 3751 572 3805 ed
587 3751 674 3806 vitam
695 3760 739 3806 est
757 3753 913 3818 restitutus,
929 3751 1003 3824 quod
1024 3751 1098 3806 idem
1118 3751 1254 3824 temporis
1273 3768 1341 3806 enn-

247 3831 367 3904 demque
389 3849 527 3886 annorum
549 3847 697 3884 nnmerum
717 3848 781 3884 cum
801 3831 858 3886 auis
873 3839 1000 3886 versatus
1014 3831 1060 3894 sit,
1076 3830 1219 3903 discipulis
1233 3837 1261 3885 et
1275 3846 1343 3904 apo-

247 3910 337 3972 stolis,
359 3909 460 3964 rationi
478 3927 545 3964 sene
564 3917 783 3964 consentaneum
803 3917 855 3974 est,
878 3927 928 3983 per
947 3910 1007 3965 dies
1031 3927 1069 3965 xc
1093 3927 1232 3984 apparens
1250 3909 1290 3964 eis
1315 3915 1344 3963 et

248 4005 429 4050 convescens,
455 3996 484 4043 et
512 3988 547 4043 de
574 4005 665 4061 regno
687 3987 741 4042 Dei
764 3989 892 4062 loquens,
917 3989 1153 4061 quemadmodum
1177 3987 1288 4061 quidem
1315 3986 1343 4040 in

247 4067 449 4140 Apostolorum
474 4065 555 4122 Actis
580 4066 750 4130 continetur,
772 4077 805 4123 ut
832 4067 892 4123 haec
921 4069 958 4124 sit
977 4068 1034 4132 illa.
1058 4068 1094 4123 de
1117 4087 1172 4141 qua
1196 4065 1344 4140 prophetia

247 4145 380 4218 loquitur,
395 4161 533 4199 annorum
547 4145 711 4210 hebdomas,
728 4149 754 4201 in
773 4165 826 4220 quo
849 4147 1018 4220 confirmauit
1037 4155 1147 4219 pactum
1167 4147 1267 4210 multis,
1281 4162 1342 4200 mu·

248 4223 334 4278 nitius
344 4219 474 4276 videlicet
483 4221 604 4277 reddens
618 4240 722 4279 novum
737 4226 907 4298 evangelicae
919 4226 1125 4299 praedicationis
1134 4233 1343 4282 testamentum.
