3144 4720
268 251 333 312 820
713 247 899 312 EUSEBII
1345 264 1507 332 P·4¹¹··

267 412 428 515 πρόθυρα
453 411 678 508 σαλευόμενα
699 420 792 492 πᾶσι
815 421 887 497 τοῖς
905 421 1006 499 λαοῖς
1025 414 1156 522 κύκλῳ,
1174 417 1232 494 καὶ
1257 417 1297 493 έν
1322 418 1367 516 τῇ

268 538 420 644 Ἰουδαίᾳ
438 540 562 640 γέγονε
587 537 746 642 περιοχὴ,
765 538 841 618 ὅτε
861 541 1112 640 νενομισμένας
1129 543 1247 624 αι’ποῖς
1266 537 1367 643 ἅγιος

269 675 327 747 καὶ
345 665 435 768 ἱερὸς
453 663 563 748 τόπος
580 667 686 744 εἰσέτι
704 669 762 744 καὶ
780 666 940 771 σήμερον
956 670 1059 753 λίθος
1072 667 1240 773 τυγχάνει
1256 701 1366 747 κατα-
1377 709 1411 744 ιο

265 794 485 891 πατούμενος
515 799 608 871 πᾶσι
640 799 713 876 τοῖς
745 793 873 890 ἔθνεσι,
906 798 963 874 καὶ
994 801 1066 878 πᾶς
1097 798 1118 874 ὁ
1151 800 1367 875 καταπατῶν

268 921 378 1020 αὐτὴν
404 920 580 1023 ἐμπαίζων
608 922 823 1027 ε’μπαίξεται,
845 922 1051 1006 ἀκολούθως
1079 929 1124 1027 τῇ
1150 922 1364 1028 προφητείᾳ.

230 1046 392 1132 εοἈλλὰ
409 1051 466 1127 καὶ
485 1050 567 1128 ἀνθ’
587 1045 637 1126 ὦν
656 1046 937 1151 κατωρχήσαντο
954 1056 1019 1128 τοῦ
1036 1056 1149 1128 ταῦτα
1168 1049 1402 1128 θεσπέσιον-(1

269 1211 329 1262 τος
350 1178 494 1278 Κυρίου,
513 1177 555 1254 ού
577 1173 803 1254 διαλέλοιπεν
822 1171 948 1258 αὐτούς
966 1172 1115 1258 κοπετδς
1132 1177 1190 1252 καὶ
1214 1173 1369 1275 ὀδυρμὸς

269 1308 327 1384 καὶ
354 1307 494 1407 θρῆνος.
553 1303 612 1380 Ου’
636 1301 780 1381 πώποτε
805 1310 894 1401 γοῦν
920 1301 1053 1380 ἄλλοτε
1071 1298 1094 1400 ἢ
1113 1299 1204 1396 μετὰ
1220 1299 1286 1400 τήν
1303 1309 1370 1380 τοῦ

270 1435 437 1532 Σωτῆρος
454 1430 554 1528 ἡμῶν
571 1429 774 1530 παρουσίαν
791 1431 849 1506 καὶ
873 1432 922 1511 εἰς
939 1425 1002 1506 τὸν
1024 1429 1106 1506 καθ’
1126 1427 1219 1525 ἡμᾶς
1237 1425 1396 1530 χρόνονε

269 1563 386 1636 πᾶσαι
404 1559 441 1634 αἱ
459 1558 572 1659 φυλαὶ
590 1562 654 1633 τοῦ
671 1554 850 1633 Ἰουδαίων
874 1553 994 1636 ἔθνους
1012 1551 1154 1656 θρήνων
1176 1555 1234 1631 καὶ
1255 1585 1368 1631 κοπε-

270 1689 342 1761 τῶν
360 1682 445 1788 ἄξια
469 1679 673 1762 πεπόνθασι
699 1679 758 1760 διὰ
782 1677 848 1780 τήν
872 1687 1154 1774 καταλαβοῦσαν
1179 1676 1306 1762 αὐτοὺς
1329 1681 1371 1758 ἐκ

271 1814 366 1887 Θεοῦ
384 1806 540 1908 πληγὴν,
560 1809 619 1912 ὑφ’
639 1807 681 1906 ἦς
699 1811 758 1886 καὶ
779 1807 801 1905 ἡ
823 1804 1044 1907 μητρόπολις
1062 1807 1178 1884 αὐτῶν
1196 1804 1365 1910 ἀλλοφύ-

271 1944 347 2014 λοις
370 1935 510 2011 ἔθνεσιν
534 1930 690 2038 ἐξεδόθη,
709 1937 767 2012 καὶ
792 1933 834 2013 τὸ
860 1929 953 2034 ἱερὸν
971 1930 1193 2036 κατεσκάφη,
1212 1933 1314 2010 αὐτοί
1328 1964 1368 2011 τε
1380 1963 1415 1997 ¹0

270 2059 332 2152 τῆς
365 2056 453 2138 ἰδίας
483 2054 602 2158 χιόρας
633 2053 873 2154 ἀπελήλαντο,
902 2057 939 2134 ἐν
967 2059 1012 2158 τῇ
1042 2055 1198 2159 πολεμίᾳ
1231 2056 1371 2156 ἐχθροῖς

271 2180 507 2262 δουλεύοντες·
549 2179 599 2259 ὦν
631 2181 731 2260 ἕνεκα
762 2187 834 2263 πᾶς
861 2182 881 2259 ὁ
914 2177 1008 2264 οἶκος
1035 2181 1151 2259 αύτῶν
1177 2181 1236 2257 καὶ
1265 2185 1371 2257 πᾶσα

272 2306 375 2411 ψυχὴ
398 2309 515 2387 αὐτῶν
537 2306 645 2387 εἰσέτι
672 2311 730 2385 καὶ
757 2303 917 2406 σήμερον
943 2306 1083 2408 θρήνοις
1111 2304 1367 2404 ὑποβέβληται.

233 2465 265 2512 24
274 2429 342 2510 Διό
361 2438 477 2538 φησιν
494 2435 516 2532 ή
535 2431 744 2536 προφητεία,
766 2440 825 2510 καὶ
851 2427 1002 2536 κόφεται
1022 2429 1115 2536 φυλή
1136 2429 1231 2510 κατᾶ
1249 2428 1370 2535 φυλήν,

272 2556 364 2662 φυλή
395 2561 481 2638 οἴκου
511 2553 634 2650 Δαβὶθ
660 2554 739 2635 καθ’
759 2554 883 2646 ἑαυτήν,
907 2564 966 2635 καὶ
995 2563 1053 2634 'al
1081 2559 1240 2655 γυναῖκες
1267 2553 1494 2647 curtim-412

274 2681 348 2762 καθ’
375 2681 511 2772 inurar,
536 2686 593 2761 καὶ
619 2680 665 2760 τὰ
692 2679 827 2763 τούτοις
855 2679 1020 2778 ἑπόμενα.
1081 2686 1188 2760 Ποΐαι
1216 2677 1254 2758 δὲ
1280 2678 1371 2776 μετὰ

272 2806 353 2891 τοὺς
380 2817 443 2888 τοῦ
475 2808 654 2912 Ζαχαρίου
684 2804 832 2909 χρόνους
859 2803 1054 2906 γεγόνασιν
1086 2804 1221 2907 ἡμέρας,
1249 2809 1287 2885 ἐν
1316 2803 1372 2888 αἷς

731 2967 746 2999 ¹
760 2960 787 3012 ol
800 2959 863 3014 add.
880 2957 911 3013 Ρ.

274 3095 360 3158 cuitu,
375 3105 404 3151 et
418 3095 447 3150 in
460 3095 561 3152 Judaee
580 3095 656 3152 sacta
674 3106 719 3152 est
736 3095 856 3152 monitio
877 3094 1013 3160 ambiens,
1029 3102 1058 3152 et
1072 3095 1108 3152 ab
1122 3095 1163 3151 eis
1177 3102 1374 3152 samosanctus

275 3175 451 3232 existimatus
465 3176 544 3231 locus
557 3194 647 3249 usque
668 3175 698 3231 in
717 3175 885 3232 hodiernum
900 3175 975 3232 diem
989 3175 1061 3250 lapis
1075 3174 1182 3237 existit,
1197 3176 1245 3249 qui
1259 3175 1373 3232 concul-

274 3263 355 3312 catur
375 3256 410 3312 ab
433 3255 563 3312 omnibus
584 3255 726 3329 gentibus,
750 3265 779 3312 et
805 3257 964 3329 quicunque
986 3255 1067 3312 illum
1087 3256 1235 3328 conculcat
1255 3255 1375 3312 illudens

274 3335 416 3400 illudetur,
432 3336 504 3392 sicut
517 3336 664 3409 prophetia
679 3336 858 3410 praedixerat.
900 3335 1065 3403 Quinetiam
1081 3344 1232 3410 propterea
1245 3336 1322 3409 qnod
1335 3335 1376 3392 illi

274 3417 407 3480 Domino,
434 3417 481 3491 qui
508 3417 569 3472 haec
596 3417 744 3481 cecinerat,
767 3417 982 3480 insultaverunt,
1007 3435 1065 3472 non
1088 3415 1192 3472 defecit
1212 3435 1262 3472 eos
1283 3434 1375 3490 neque

274 3499 412 3572 planctus,
426 3515 516 3571 neque
531 3497 632 3562 luctus,
645 3515 736 3570 neque
750 3497 924 3553 lamentatio.
966 3495 1122 3569 Nunquam
1137 3495 1224 3569 igitur
1238 3496 1307 3552 aliae
1321 3496 1376 3552 nisi

273 3587 339 3651 post
353 3577 509 3634 Salvaton's
523 3577 612 3633 nostri
632 3577 785 3633 adventum
806 3595 894 3650 usque
911 3576 947 3632 ad
969 3575 1043 3632 hanc
1061 3583 1260 3649 tempestatem
1276 3593 1376 3632 omnes

274 3658 364 3715 tribus
383 3658 547 3714 Judaeorum
568 3657 715 3730 quicquam
739 3656 940 3713 lamentatione
965 3656 1116 3733 planctuve
1140 3655 1259 3729 dignum
1285 3673 1376 3728 passe

275 3747 342 3794 sont
362 3747 480 3812 propter
499 3737 612 3814 plagam
634 3755 696 3809 quae
717 3736 794 3812 ipsos
809 3737 871 3792 Deo
885 3736 1003 3793 feriente
1020 3735 1247 3809 deprehenderit,
1262 3753 1298 3791 ex
1320 3752 1377 3809 qua

275 3818 360 3875 etiam
375 3817 500 3892 ipsorum
514 3825 606 3873 mater
619 3815 717 3872 civitas
731 3817 856 3872 externis
870 3815 1003 3890 gentibus
1017 3815 1122 3871 tradita
1132 3823 1186 3879 est,
1197 3823 1227 3870 et
1237 3815 1375 3888 templum

276 3917 404 3954 eversum
425 3898 630 3970 suffossumque
650 3905 702 3958 est,
718 3896 826 3969 ipsique
848 3895 883 3952 de
903 3895 1017 3969 propria
1033 3895 1150 3970 regione
1168 3894 1279 3969 expulsi
1298 3905 1376 3959 sunt,

276 3976 306 4032 in
329 3986 405 4032 terra
427 3977 523 4033 hostili
547 3976 667 4032 inimicis
691 3976 854 4032 servientes.
896 3975 976 4044 Quas
1000 3975 1037 4031 ob
1062 3992 1107 4031 res
1131 3973 1224 4030 omnis
1248 3974 1375 4048 ipsorum

275 4055 376 4110 domus
391 4056 540 4129 omnisque
554 4056 678 4130 ipsorum
694 4056 787 4112 anima
802 4056 831 4110 in
845 4055 920 4112 huno
935 4073 1023 4128 usque
1037 4054 1112 4111 diem
1126 4053 1376 4110 lamentationibus

274 4133 378 4189 afflicta
391 4143 444 4189 est.
488 4135 670 4209 Quapropter
684 4136 821 4208 propheta
835 4135 875 4192 sio
890 4135 938 4198 ait,
955 4136 992 4190 Et
1012 4135 1143 4210 plaopeut
1160 4133 1274 4207 singule
1291 4134 1376 4190 tribes

272 4229 324 4281 per
337 4213 440 4282 seipsos
449 4233 459 4263 :
483 4212 568 4266 tribuo
582 4217 675 4269 doinus
689 4215 785 4270 David
803 4232 933 4278 seorsum,
948 4221 975 4269 et
993 4216 1118 4270 mulieres
1136 4232 1229 4270 eorum
1242 4231 1375 4277 εεοττιιπι,

276 4298 304 4344 et
319 4307 379 4361 quae
401 4297 563 4360 sequuntur.
606 4291 664 4346 Sed
686 4293 732 4364 qui
755 4293 869 4349 tandem
888 4301 953 4367 post
974 4292 1119 4350 Zachariae
1138 4301 1267 4366 tempora
1286 4293 1377 4349 secuti
