3132 4714
256 243 320 310 οοο
701 242 888 308 uusnnn
1331 263 1512 330 neeo-

255 411 512 508 βασιλεῦουτος
541 410 730 514 ἀνθρώπου
757 417 889 518 ψυχῆς,
917 412 1050 510 μηδένα
1082 410 1133 489 ἔτι
1165 405 1353 486 λείπεσθαι
1363 443 1395 478 ιο

204 575 248 622 ¹0⁴
256 547 328 620 τῶν
345 539 460 619 πάλαι
485 539 798 643 κατακρατοῦντων
820 541 938 637 αὐτῆς.
998 541 1107 619 otro>
1135 533 1180 634 δὴ
1208 533 1352 612 οὖνκαὶ

254 666 377 746 ἐνθάδε
408 670 488 769 περὶ
518 673 591 745 τῶν
618 667 735 746 αὐτῶν
760 670 923 770 εἰρῆσθαι
951 664 1091 764 νοήσεις
1117 661 1171 758 τὸ,
1197 655 1384 763 λη’χθπιιιιὶ

255 788 392 897 δύναμιν
415 795 625 896 Δαμασκοῦ,
657 801 717 874 καί
747 792 793 872 τῦι
820 794 937 872 σκῦλα
966 791 1177 897 Σαμαρείας,
1203 789 1267 884 τῆς
1289 793 1353 864 τοῦ

256 923 423 1022 Σωτῆρος·
446 919 547 1018 ἡμῶν
564 921 688 1018 Ἰησοῦ
713 924 878 1019 Χριστοῦ
905 914 1086 1016 δυνάμεως
1114 910 1354 1014 καθαιροῦσης

255 1039 393 1144 α’θρόως
416 1041 552 1124 πάντας
576 1041 657 1124 τοῦς
682 1041 853 1143 ἀοράτους
877 1042 978 1142 ἡμῶν
994 1037 1150 1144 ἐχθροὺς,
1170 1037 1203 1116 oi
1221 1033 1265 1137 δὴ
1282 1034 1375 1126 πεί-5

256 1178 319 1247 λαι
336 1166 509 1272 πρότερον
528 1174 604 1250 ταῖς
623 1168 888 1270 προειρημέναις
905 1167 1021 1250 ἀθέοις
1039 1170 1097 1246 καὶ
1114 1163 1353 1259 ε’πιβλαβείτιν

202 1321 246 1372 ¹0⁵
255 1294 441 1396 ἐνεργείαις
465 1293 602 1377 πάντας
629 1293 837 1394 ἀνθρώπους
863 1292 1104 1396 ἐπολιόρκουν.
1166 1292 1240 1369 Καὶ
1262 1288 1353 1391 πρὸς

257 1418 413 1525 λέξινδὲ
438 1418 550 1500 πάλιν
568 1419 653 1503 ἴδοις
676 1417 722 1498 ἂν
740 1421 829 1518 ὁμοῦ
853 1424 898 1522 τῇ
925 1419 1060 1521 γενέσει
1086 1421 1143 1497 καὶ
1167 1415 1353 1523 ἐπιφανείᾳ

255 1555 319 1627 τοῦ
338 1550 504 1649 Σωτῆρος
522 1548 621 1646 ἡμῶν
635 1544 700 1644 τὴν
714 1545 862 1644 δύναμιν
875 1554 1078 1645 Δαμασκοῦ
1096 1543 1352 1649 καθῃρημένην,
1364 1580 1395 1615 ιο

256 1675 314 1752 καὶ
341 1671 388 1752 τὰ
415 1681 537 1752 σκῦλα
556 1673 756 1776 Σαμαρείας
773 1671 917 1774 ἠρμένα,
936 1673 1029 1751 τοῦτ’
1050 1670 1128 1751 έστι
1150 1669 1214 1753 τὰς
1236 1676 1348 1762 βασι-

256 1800 354 1882 λείας
378 1799 506 1895 αῦτιῦν,
534 1797 571 1877 ui
599 1799 704 1902 μέχρι
732 1805 805 1877 τῶν
827 1799 1054 1896 δηλουμένων
1080 1796 1220 1904 χρόνων
1248 1801 1347 1899 διαρ·

203 1923 410 2006 ιοοκέσασαι
442 1924 487 2030 ἐξ
515 1923 646 2003 ἐκείνου
676 1925 734 2002 καὶ
764 1929 812 2007 εἱς
843 1926 944 2026 δεῦρο
978 1925 1230 2004 διαλελοίπασι
1261 1919 1391 2015 κατδιρ.
1403 1952 1475 2017 331

254 2048 319 2134 τὰς
360 2051 454 2134 θείας
490 2049 717 2154 προρρήσεις.
785 2054 884 2130 Φασὶ
921 2051 966 2131 δέ
997 2085 1086 2134 τινες
1126 2054 1185 2130 καὶ
1227 2050 1352 2133 ἄλλως

253 2175 335 2263 τοῦς
368 2179 428 2257 ἀπ’
461 2180 638 2277 ἀνατολῆς
665 2175 886 2278 ἐληλυθότας
918 2178 1054 2280 μάγους
1084 2181 1142 2256 καὶ
1174 2181 1227 2284 τῷ
1254 2182 1349 2279 Χρι-

254 2311 333 2411 στῷ
360 2306 489 2412 παιδίῳ
522 2303 597 2384 ὄντι
628 2302 970 2407 προσκεκυνηκότας,
996 2302 1140 2387 τούτους
1171 2301 1255 2384 εἶναι
1285 2301 1352 2403 τὴν

253 2432 401 2531 δύναμιν
422 2441 636 2532 Δαμασκοῦ·
667 2432 776 2516 εἴποις
799 2433 830 2511 δ’
851 2429 894 2510 ἂν
913 2431 1194 2534 καθολικώτερον
1213 2429 1372 2518 πάνταςς

252 2556 334 2640 τοῦς
353 2555 417 2657 τὴν
434 2557 499 2657 μέν
518 2557 624 2638 ἄθεον
642 2561 700 2637 καὶ
724 2556 903 2636 πολύθεον
921 2558 1237 2658 νείδωλολατρείαν
1255 2558 1346 2634 ἀπο·

252 2687 491 2792 στραφέντας,
498 2691 555 2793 τῷ
574 2684 611 2764 δὲ
629 2693 692 2764 τοῦ
707 2691 871 2786 Χριστοῦ
887 2683 989 2792 λόγῳ
1008 2683 1352 2778 καταδουλωθέντας,

252 2809 415 2908 μάλιστα
442 2817 471 2890 εὶ
499 2812 644 2891 δυνατοί
670 2845 760 2894 τινες
789 2807 856 2891 εἷεν
873 2814 910 2890 ἐν
936 2809 1037 2918 λόγῳ
1062 2814 1119 2890 καὶ
1147 2813 1264 2917 σοφίᾳ
1288 2817 1352 2889 τοῦ

687 2957 701 2988 V
716 2949 916 3021 εἰδωλολατρίαν
931 2951 957 3004 S.

252 3051 375 3107 hominis
399 3052 492 3108 animo
516 3053 687 3126 regnaverit,
710 3053 852 3111 neminem
877 3053 997 3128 posthae
1020 3053 1230 3126 superfuturum
1252 3071 1350 3109 eorum

252 3131 300 3204 qui
318 3139 402 3187 nutes
422 3131 514 3205 ipsum
536 3132 729 3206 possidebant.
772 3134 820 3190 Sic
844 3153 913 3190 sene
932 3133 1017 3191 etism
1038 3133 1093 3189 hoc
1114 3133 1144 3189 in
1162 3134 1227 3190 loco
1243 3134 1350 3190 dictum

253 3229 314 3266 esse
335 3210 412 3276 illud,
437 3214 559 3286 Accipiet
580 3221 740 3286 potestatem
765 3213 904 3276 Damasci,
926 3222 954 3270 et
974 3215 1064 3287 spolio
1085 3213 1231 3278 Samariae,
1250 3223 1349 3289 utpote

252 3310 339 3365 quum
364 3290 519 3348 Salvatoris
543 3293 634 3349 nostri
655 3294 725 3351 Jesu
750 3293 858 3351 Christi
883 3294 925 3350 vis
948 3293 1099 3350 acervatim
1122 3312 1255 3351 eversura
1275 3303 1350 3350 esset

252 3381 370 3428 cunctos
390 3372 543 3429 invisibiles
568 3373 651 3430 nobis
673 3375 778 3439 hostes,
801 3375 848 3448 qui
868 3375 1039 3448 jampridem
1062 3374 1115 3438 his,
1139 3393 1201 3448 quae
1223 3374 1350 3449 superius

252 3453 334 3510 dictos
349 3465 425 3518 sunt,
441 3473 457 3510 e
471 3452 534 3510 Deo
548 3453 646 3510 alienis
660 3463 689 3511 et
703 3455 795 3511 noxiis
814 3455 1034 3528 operationibus,
1051 3455 1197 3510 universos
1217 3453 1349 3512 homines

252 3534 429 3592 obsidebant.
472 3533 610 3590 Necnon
625 3554 721 3592 rursus
736 3535 759 3590 si
774 3535 810 3591 ad
825 3533 940 3591 verbum
956 3534 1157 3610 interpreteris,
1173 3535 1268 3592 videns
1282 3553 1348 3608 pro·

252 3615 328 3671 tinus
352 3615 381 3671 in
404 3623 468 3672 ortu
491 3623 575 3689 atque
596 3614 718 3671 adventu
743 3615 898 3672 salvatoris
923 3615 1014 3672 nostri
1039 3615 1170 3672 Damasci
1193 3615 1349 3690 potentium

252 3712 380 3752 eversam
400 3704 429 3752 et
448 3696 537 3770 spolio
552 3695 685 3752 Someriae
699 3695 817 3760 sublato,
832 3695 945 3753 honest
960 3715 1055 3752 eurum
1073 3713 1170 3769 regne,
1185 3714 1246 3769 quae
1262 3713 1350 3770 usque

252 3775 289 3831 nd
303 3783 432 3850 tempora
446 3776 480 3831 de
495 3775 595 3849 quibus
610 3775 716 3832 (lictum
732 3784 776 3831 est
800 3776 970 3840 duraverint.
986 3795 1022 3832 ex
1039 3775 1087 3832 illo
1108 3775 1145 3831 od
1164 3776 1240 3832 hunc
1261 3793 1350 3848 usque

181 3851 184 3858 ’
252 3853 336 3918 diem,
352 3863 382 3911 ut
397 3855 432 3910 ub
448 3855 569 3912 oraculis
583 3855 748 3928 praedictum
763 3864 816 3920 est,
832 3855 1006 3913 defecerunt.
1043 3854 1166 3923 Quidem
1180 3873 1248 3912 vero
1263 3855 1349 3912 etiem

252 3933 333 3988 aliter
347 3933 454 3997 dicunt,
471 3954 570 4009 magos
592 3935 638 4009 qui
660 3935 695 3992 ab
716 3935 824 3992 oriente
839 3945 987 4000 venerunt,
1003 3943 1031 3992 et
1046 3935 1202 4000 Christum,
1218 3936 1267 4010 qui
1280 3953 1350 4010 puer

224 4071 229 4080 ,
252 4011 343 4068 adhuc
358 4021 427 4076 erut,
443 4015 641 4082 odoraverunt,
657 4016 710 4072 hos
728 4015 806 4090 ipsos
825 4035 887 4073 esse
907 4025 1077 4090 potestatem
1092 4014 1245 4073 Damasci:
1269 4023 1350 4089 potes

252 4091 338 4147 etiem
360 4093 451 4166 magis
472 4094 499 4149 in
521 4095 683 4152 uuiversum
704 4096 806 4161 dicere,
822 4115 920 4153 omnes
939 4096 1097 4171 quicunque
1116 4096 1236 4152 alienam
1253 4115 1269 4152 ο
1285 4093 1350 4152 Deo

252 4171 479 4245 multitudinique
500 4175 617 4230 deorum
639 4176 779 4232 addictam
801 4177 1034 4234 simulachrorum
1054 4176 1192 4232 culturam
1208 4176 1350 4250 espemati

252 4258 327 4312 sunt,
342 4258 371 4305 et
386 4251 493 4306 Christi
507 4253 593 4308 verbo
614 4255 722 4327 seipsos
744 4255 922 4321 addixerunt,
945 4257 1101 4330 praesertim
1123 4257 1147 4311 si
1169 4257 1197 4312 in
1212 4257 1299 4313 verbo
1320 4265 1351 4312 et

252 4327 389 4400 sapientia
411 4328 504 4384 soeculi
527 4331 611 4402 hujus
635 4341 765 4404 potentes
789 4335 854 4400 sint,
880 4354 929 4392 eos
954 4337 1029 4409 ipsos
1054 4355 1115 4393 esse
1144 4335 1191 4410 qui
1216 4336 1350 4392 Damasci
