<?xml version="1.0" encoding="UTF-8"?>
<!DOCTYPE html PUBLIC "-//W3C//DTD XHTML 1.0 Transitional//EN"
    "http://www.w3.org/TR/xhtml1/DTD/xhtml1-transitional.dtd">
<html xmlns="http://www.w3.org/1999/xhtml" xml:lang="en" lang="en">
 <head>
  <title>
</title>
<meta http-equiv="Content-Type" content="text/html;charset=utf-8" />
  <meta name='ocr-system' content='tesseract 3.04.00' />
  <meta name='ocr-capabilities' content='ocr_page ocr_carea ocr_par ocr_line ocrx_word'/>
</head>
<body>
  <div class='ocr_page' id='page_1' title='image "./evangelicaedemo00donagoog/evangelicaedemo00donagoog_0154.png"; bbox 0 0 3132 4714; ppageno 0'>
   <div class='ocr_carea' id='block_1_1' title="bbox 53 246 1305 335">
    <p class='ocr_par' dir='ltr' id='par_1_1' title="bbox 53 246 1305 335">
     <span class='ocr_line' id='line_1_1' title="bbox 53 246 1305 335; baseline -0.01 -10"><span class='ocrx_word' id='word_1_1' title='bbox 53 268 191 335; x_wconf 66' lang='lat'><strong>*334</strong></span> <span class='ocrx_word' id='word_1_2' title='bbox 453 251 681 316; x_wconf 87' lang='lat' dir='ltr'><strong>DEMONST.</strong></span> <span class='ocrx_word' id='word_1_3' title='bbox 705 251 873 316; x_wconf 82' lang='lat' dir='ltr'><strong>EVANG.</strong></span> <span class='ocrx_word' id='word_1_4' title='bbox 897 251 1015 315; x_wconf 87' lang='lat' dir='ltr'>VII.1.</span> <span class='ocrx_word' id='word_1_5' title='bbox 1240 246 1305 316; x_wconf 85' lang='grc'><strong>667</strong></span> 
     </span>
    </p>
   </div>
   <div class='ocr_carea' id='block_1_2' title="bbox 141 413 1421 521">
    <p class='ocr_par' dir='ltr' id='par_1_2' title="bbox 141 413 1421 521">
     <span class='ocr_line' id='line_1_2' title="bbox 141 413 1421 521; baseline -0.003 -24"><span class='ocrx_word' id='word_1_6' title='bbox 141 449 192 497; x_wconf 77' lang='lat'><strong>¹²3</strong></span> <span class='ocrx_word' id='word_1_7' title='bbox 203 420 249 494; x_wconf 82' lang='lat' dir='ltr'><strong>Ei</strong></span> <span class='ocrx_word' id='word_1_8' title='bbox 268 415 307 496; x_wconf 76' lang='grc' dir='ltr'><strong>δὲ</strong></span> <span class='ocrx_word' id='word_1_9' title='bbox 325 417 376 498; x_wconf 64' lang='grc' dir='ltr'><strong>ἂν</strong></span> <span class='ocrx_word' id='word_1_10' title='bbox 395 420 453 496; x_wconf 82' lang='grc' dir='ltr'><strong>καὶ</strong></span> <span class='ocrx_word' id='word_1_11' title='bbox 472 426 535 497; x_wconf 90' lang='grc' dir='ltr'><strong>νῦν</strong></span> <span class='ocrx_word' id='word_1_12' title='bbox 554 424 602 502; x_wconf 84' lang='grc' dir='ltr'>είς</span> <span class='ocrx_word' id='word_1_13' title='bbox 620 417 804 515; x_wconf 73' lang='grc' dir='ltr'>μέλλοντά</span> <span class='ocrx_word' id='word_1_14' title='bbox 825 451 913 498; x_wconf 87' lang='grc' dir='ltr'>ποτε</span> <span class='ocrx_word' id='word_1_15' title='bbox 940 414 1070 521; x_wconf 86' lang='grc' dir='ltr'>χρόνον</span> <span class='ocrx_word' id='word_1_16' title='bbox 1085 413 1304 516; x_wconf 79' lang='grc' dir='ltr'>γενήσεσθαι</span> <span class='ocrx_word' id='word_1_17' title='bbox 1312 443 1343 505; x_wconf 79' lang='lat' dir='ltr'><strong>P·</strong></span> <span class='ocrx_word' id='word_1_18' title='bbox 1355 439 1421 504; x_wconf 84' lang='lat'><strong>334</strong></span> 
     </span>
    </p>
   </div>
   <div class='ocr_carea' id='block_1_3' title="bbox 201 541 1325 1030">
    <p class='ocr_par' dir='ltr' id='par_1_3' title="bbox 201 541 1325 1030">
     <span class='ocr_line' id='line_1_3' title="bbox 201 541 1304 649; baseline -0.002 -27"><span class='ocrx_word' id='word_1_19' title='bbox 201 551 315 624; x_wconf 84' lang='grc' dir='ltr'>ταῦτα</span> <span class='ocrx_word' id='word_1_20' title='bbox 346 547 378 623; x_wconf 81' lang='grc' dir='ltr'><strong>οἱ</strong></span> <span class='ocrx_word' id='word_1_21' title='bbox 407 545 445 623; x_wconf 83' lang='grc' dir='ltr'><strong>ἐκ</strong></span> <span class='ocrx_word' id='word_1_22' title='bbox 476 547 667 646; x_wconf 75' lang='grc' dir='ltr'>περιτομῆς</span> <span class='ocrx_word' id='word_1_23' title='bbox 692 547 818 649; x_wconf 81' lang='grc' dir='ltr'>φασὶν,</span> <span class='ocrx_word' id='word_1_24' title='bbox 837 546 895 622; x_wconf 82' lang='grc' dir='ltr'>ε’πὶ</span> <span class='ocrx_word' id='word_1_25' title='bbox 915 551 978 622; x_wconf 93' lang='grc' dir='ltr'><strong>τοῦ</strong></span> <span class='ocrx_word' id='word_1_26' title='bbox 1004 541 1304 644; x_wconf 77' lang='grc' dir='ltr'>προσδοκωμένου</span> 
     </span>
     <span class='ocr_line' id='line_1_4' title="bbox 201 667 1304 775; baseline -0.004 -25"><span class='ocrx_word' id='word_1_27' title='bbox 201 671 320 754; x_wconf 84' lang='grc' dir='ltr'>αῦτοῖς</span> <span class='ocrx_word' id='word_1_28' title='bbox 339 676 504 774; x_wconf 80' lang='grc' dir='ltr'>Χριστοῦ</span> <span class='ocrx_word' id='word_1_29' title='bbox 535 673 651 773; x_wconf 81' lang='grc' dir='ltr'>ῥητῶς</span> <span class='ocrx_word' id='word_1_30' title='bbox 683 667 794 768; x_wconf 85' lang='grc' dir='ltr'>μόνον</span> <span class='ocrx_word' id='word_1_31' title='bbox 822 673 881 748; x_wconf 85' lang='grc' dir='ltr'><strong>καὶ</strong></span> <span class='ocrx_word' id='word_1_32' title='bbox 908 668 999 773; x_wconf 81' lang='grc' dir='ltr'>πρὸς</span> <span class='ocrx_word' id='word_1_33' title='bbox 1027 667 1126 775; x_wconf 76' lang='grc' dir='ltr'>λε’ξιν</span> <span class='ocrx_word' id='word_1_34' title='bbox 1154 667 1304 747; x_wconf 77' lang='grc' dir='ltr'>ἔσεσθαι</span> 
     </span>
     <span class='ocr_line' id='line_1_5' title="bbox 201 792 1325 902; baseline -0.005 -26"><span class='ocrx_word' id='word_1_35' title='bbox 201 797 293 876; x_wconf 75' lang='grc' dir='ltr'>αὐτὰ</span> <span class='ocrx_word' id='word_1_36' title='bbox 317 795 610 902; x_wconf 83' lang='grc' dir='ltr'>προσδεχόμενοι,</span> <span class='ocrx_word' id='word_1_37' title='bbox 628 794 821 896; x_wconf 80' lang='grc' dir='ltr'>ε’ραπητέον</span> <span class='ocrx_word' id='word_1_38' title='bbox 848 795 984 892; x_wconf 80' lang='grc' dir='ltr'>αὐτοῦς,</span> <span class='ocrx_word' id='word_1_39' title='bbox 1006 801 1084 878; x_wconf 85' lang='grc' dir='ltr'>πῶς</span> <span class='ocrx_word' id='word_1_40' title='bbox 1108 797 1128 875; x_wconf 84' lang='lat' dir='ltr'><strong>d</strong></span> <span class='ocrx_word' id='word_1_41' title='bbox 1154 792 1325 893; x_wconf 74' lang='grc' dir='ltr'>με’λλωνε</span> 
     </span>
     <span class='ocr_line' id='line_1_6' title="bbox 202 917 1304 1030; baseline -0.004 -26"><span class='ocrx_word' id='word_1_42' title='bbox 202 925 301 1030; x_wconf 80' lang='grc' dir='ltr'>ἥξειν</span> <span class='ocrx_word' id='word_1_43' title='bbox 328 927 404 1006; x_wconf 87' lang='grc' dir='ltr'>κατ’</span> <span class='ocrx_word' id='word_1_44' title='bbox 425 923 551 1006; x_wconf 86' lang='grc' dir='ltr'>αῦτοῦς</span> <span class='ocrx_word' id='word_1_45' title='bbox 579 919 737 1030; x_wconf 63' lang='grc' dir='ltr'>λήψεται</span> <span class='ocrx_word' id='word_1_46' title='bbox 767 917 901 1026; x_wconf 77' lang='grc' dir='ltr'>δύναμιν</span> <span class='ocrx_word' id='word_1_47' title='bbox 930 923 1139 1026; x_wconf 76' lang='grc' dir='ltr'>Δαμασκοῦ,</span> <span class='ocrx_word' id='word_1_48' title='bbox 1169 930 1228 1000; x_wconf 71' lang='grc' dir='ltr'><strong>καὶ</strong></span> <span class='ocrx_word' id='word_1_49' title='bbox 1257 918 1304 1000; x_wconf 72' lang='grc' dir='ltr'><strong>τοὶ</strong></span> 
     </span>
    </p>
   </div>
   <div class='ocr_carea' id='block_1_4' title="bbox 144 1046 1343 2928">
    <p class='ocr_par' dir='ltr' id='par_1_4' title="bbox 144 1046 1343 2928">
     <span class='ocr_line' id='line_1_7' title="bbox 202 1046 1299 1158; baseline -0.003 -31"><span class='ocrx_word' id='word_1_50' title='bbox 202 1052 323 1129; x_wconf 79' lang='grc' dir='ltr'>σκῦλα</span> <span class='ocrx_word' id='word_1_51' title='bbox 348 1053 548 1157; x_wconf 79' lang='grc' dir='ltr'>Σαμαρείας</span> <span class='ocrx_word' id='word_1_52' title='bbox 574 1049 675 1158; x_wconf 68' lang='grc' dir='ltr'>ἔναντι</span> <span class='ocrx_word' id='word_1_53' title='bbox 700 1047 876 1142; x_wconf 67' lang='grc' dir='ltr'>βασιλέως</span> <span class='ocrx_word' id='word_1_54' title='bbox 893 1051 1081 1152; x_wconf 86' lang='grc' dir='ltr'>Ἀσσυρίων,</span> <span class='ocrx_word' id='word_1_55' title='bbox 1099 1046 1299 1150; x_wconf 76' lang='grc' dir='ltr'>καθῃρημέ-</span> 
     </span>
     <span class='ocr_line' id='line_1_8' title="bbox 202 1169 1302 1276; baseline -0.007 -18"><span class='ocrx_word' id='word_1_56' title='bbox 202 1208 265 1274; x_wconf 75' lang='grc' dir='ltr'>νης</span> <span class='ocrx_word' id='word_1_57' title='bbox 291 1173 357 1273; x_wconf 69' lang='grc' dir='ltr'><strong>μὲν</strong></span> <span class='ocrx_word' id='word_1_58' title='bbox 375 1175 442 1274; x_wconf 81' lang='grc' dir='ltr'><strong>ἤδη</strong></span> <span class='ocrx_word' id='word_1_59' title='bbox 468 1179 532 1272; x_wconf 79' lang='grc' dir='ltr'>τῆς</span> <span class='ocrx_word' id='word_1_60' title='bbox 552 1173 752 1276; x_wconf 87' lang='grc' dir='ltr'>Σαμαρείας</span> <span class='ocrx_word' id='word_1_61' title='bbox 779 1172 871 1252; x_wconf 84' lang='grc' dir='ltr'>κατὰ</span> <span class='ocrx_word' id='word_1_62' title='bbox 897 1170 960 1251; x_wconf 79' lang='grc' dir='ltr'><strong>τὸν</strong></span> <span class='ocrx_word' id='word_1_63' title='bbox 981 1169 1143 1274; x_wconf 84' lang='grc' dir='ltr'>παρόντα</span> <span class='ocrx_word' id='word_1_64' title='bbox 1169 1171 1302 1273; x_wconf 86' lang='grc' dir='ltr'>καιρὸν,</span> 
     </span>
     <span class='ocr_line' id='line_1_9' title="bbox 200 1296 1343 1402; baseline -0.008 -24"><span class='ocrx_word' id='word_1_65' title='bbox 200 1303 260 1378; x_wconf 83' lang='grc' dir='ltr'><strong>καὶ</strong></span> <span class='ocrx_word' id='word_1_66' title='bbox 291 1301 415 1402; x_wconf 76' lang='grc' dir='ltr'>μηκέτι</span> <span class='ocrx_word' id='word_1_67' title='bbox 443 1303 565 1400; x_wconf 80' lang='grc' dir='ltr'>οὔσης,</span> <span class='ocrx_word' id='word_1_68' title='bbox 590 1298 690 1378; x_wconf 77' lang='grc' dir='ltr'>ἀλλὰ</span> <span class='ocrx_word' id='word_1_69' title='bbox 719 1297 803 1397; x_wconf 73' lang='grc' dir='ltr'><strong>Ιςτῆς</strong></span> <span class='ocrx_word' id='word_1_70' title='bbox 835 1297 1092 1400; x_wconf 68' lang='grc' dir='ltr'>ὀνομαςῦμένης</span> <span class='ocrx_word' id='word_1_71' title='bbox 1124 1296 1343 1395; x_wconf 80' lang='grc' dir='ltr'>δυνάμεωςιο</span> 
     </span>
     <span class='ocr_line' id='line_1_10' title="bbox 201 1422 1331 1528; baseline -0.004 -24"><span class='ocrx_word' id='word_1_72' title='bbox 201 1432 406 1524; x_wconf 90' lang='grc' dir='ltr'>Δαμασκοῦ</span> <span class='ocrx_word' id='word_1_73' title='bbox 423 1429 596 1526; x_wconf 80' lang='grc' dir='ltr'>μηδαμῶς</span> <span class='ocrx_word' id='word_1_74' title='bbox 615 1425 855 1528; x_wconf 77' lang='grc' dir='ltr'>ὑπαρχούσης,</span> <span class='ocrx_word' id='word_1_75' title='bbox 869 1422 920 1523; x_wconf 86' lang='grc' dir='ltr'><strong>μὴ</strong></span> <span class='ocrx_word' id='word_1_76' title='bbox 939 1424 976 1504; x_wconf 77' lang='grc' dir='ltr'><strong>δὲ</strong></span> <span class='ocrx_word' id='word_1_77' title='bbox 993 1428 1058 1522; x_wconf 82' lang='grc' dir='ltr'>τῆς</span> <span class='ocrx_word' id='word_1_78' title='bbox 1074 1429 1146 1503; x_wconf 81' lang='grc' dir='ltr'><strong>τῶν</strong></span> <span class='ocrx_word' id='word_1_79' title='bbox 1160 1425 1331 1502; x_wconf 74' lang='lat' dir='ltr'><strong>’Aoos-b</strong></span> 
     </span>
     <span class='ocr_line' id='line_1_11' title="bbox 199 1548 1298 1655; baseline -0.007 -21"><span class='ocrx_word' id='word_1_80' title='bbox 199 1554 286 1655; x_wconf 86' lang='grc' dir='ltr'>ρίων</span> <span class='ocrx_word' id='word_1_81' title='bbox 305 1554 525 1650; x_wconf 86' lang='grc' dir='ltr'>δυναστείας,</span> <span class='ocrx_word' id='word_1_82' title='bbox 544 1551 589 1652; x_wconf 78' lang='grc' dir='ltr'><strong>ἣν</strong></span> <span class='ocrx_word' id='word_1_83' title='bbox 609 1555 731 1650; x_wconf 81' lang='grc' dir='ltr'>Μῆδοι</span> <span class='ocrx_word' id='word_1_84' title='bbox 748 1554 807 1630; x_wconf 82' lang='grc' dir='ltr'><strong>καὶ</strong></span> <span class='ocrx_word' id='word_1_85' title='bbox 827 1550 968 1653; x_wconf 76' lang='grc' dir='ltr'>Πέρσαι</span> <span class='ocrx_word' id='word_1_86' title='bbox 991 1549 1202 1631; x_wconf 83' lang='grc' dir='ltr'>καθελόντες</span> <span class='ocrx_word' id='word_1_87' title='bbox 1226 1548 1298 1627; x_wconf 90' lang='grc' dir='ltr'>ποί-</span> 
     </span>
     <span class='ocr_line' id='line_1_12' title="bbox 200 1673 1300 1785; baseline -0.005 -27"><span class='ocrx_word' id='word_1_88' title='bbox 200 1689 263 1758; x_wconf 88' lang='grc' dir='ltr'>λοιι</span> <span class='ocrx_word' id='word_1_89' title='bbox 293 1679 381 1760; x_wconf 76' lang='grc' dir='ltr'>ποτὲ</span> <span class='ocrx_word' id='word_1_90' title='bbox 411 1677 621 1785; x_wconf 75' lang='grc' dir='ltr'>διεδέξαντο,</span> <span class='ocrx_word' id='word_1_91' title='bbox 649 1676 700 1756; x_wconf 79' lang='grc' dir='ltr'><strong>ὧν</strong></span> <span class='ocrx_word' id='word_1_92' title='bbox 732 1680 822 1776; x_wconf 86' lang='grc' dir='ltr'>ὁμοῦ</span> <span class='ocrx_word' id='word_1_93' title='bbox 855 1675 1000 1757; x_wconf 83' lang='grc' dir='ltr'>πάντων</span> <span class='ocrx_word' id='word_1_94' title='bbox 1030 1673 1122 1755; x_wconf 83' lang='grc' dir='ltr'>κατὰ</span> <span class='ocrx_word' id='word_1_95' title='bbox 1153 1675 1217 1754; x_wconf 82' lang='grc' dir='ltr'><strong>τὸν</strong></span> <span class='ocrx_word' id='word_1_96' title='bbox 1244 1677 1300 1753; x_wconf 81' lang='grc' dir='ltr'>ε’ν-</span> 
     </span>
     <span class='ocr_line' id='line_1_13' title="bbox 200 1802 1324 1908; baseline -0.001 -22"><span class='ocrx_word' id='word_1_97' title='bbox 200 1813 342 1886; x_wconf 85' lang='grc' dir='ltr'>εστῶτα</span> <span class='ocrx_word' id='word_1_98' title='bbox 365 1803 487 1908; x_wconf 81' lang='grc' dir='ltr'>καιρὸν</span> <span class='ocrx_word' id='word_1_99' title='bbox 505 1803 555 1904; x_wconf 78' lang='grc' dir='ltr'><strong>μὴ</strong></span> <span class='ocrx_word' id='word_1_100' title='bbox 574 1804 612 1884; x_wconf 77' lang='grc' dir='ltr'><strong>δὲ</strong></span> <span class='ocrx_word' id='word_1_101' title='bbox 630 1803 696 1902; x_wconf 83' lang='grc' dir='ltr'><strong>τὴν</strong></span> <span class='ocrx_word' id='word_1_102' title='bbox 714 1803 830 1907; x_wconf 80' lang='grc' dir='ltr'>ἀρχὴν</span> <span class='ocrx_word' id='word_1_103' title='bbox 848 1802 1078 1908; x_wconf 77' lang='grc' dir='ltr'>ὑφεστώτων,</span> <span class='ocrx_word' id='word_1_104' title='bbox 1097 1808 1173 1884; x_wconf 81' lang='grc' dir='ltr'>πῶς</span> <span class='ocrx_word' id='word_1_105' title='bbox 1191 1805 1324 1885; x_wconf 80' lang='lat' dir='ltr'><strong>duva-5</strong></span> 
     </span>
     <span class='ocr_line' id='line_1_14' title="bbox 199 1927 1297 2034; baseline -0.004 -25"><span class='ocrx_word' id='word_1_106' title='bbox 199 1928 262 2010; x_wconf 82' lang='grc' dir='ltr'><strong>τὸν</strong></span> <span class='ocrx_word' id='word_1_107' title='bbox 288 1937 337 2015; x_wconf 81' lang='grc' dir='ltr'>είς</span> <span class='ocrx_word' id='word_1_108' title='bbox 363 1931 551 2030; x_wconf 76' lang='grc' dir='ltr'>με’λλοντα</span> <span class='ocrx_word' id='word_1_109' title='bbox 578 1927 707 2034; x_wconf 82' lang='grc' dir='ltr'>χρόνον</span> <span class='ocrx_word' id='word_1_110' title='bbox 728 1929 794 2029; x_wconf 86' lang='grc' dir='ltr'><strong>τὴν</strong></span> <span class='ocrx_word' id='word_1_111' title='bbox 819 1930 1026 2031; x_wconf 83' lang='grc' dir='ltr'>καθαίρεσιν</span> <span class='ocrx_word' id='word_1_112' title='bbox 1045 1929 1161 2008; x_wconf 88' lang='grc' dir='ltr'>αῦτιῦν</span> <span class='ocrx_word' id='word_1_113' title='bbox 1178 1961 1297 2030; x_wconf 89' lang='grc' dir='ltr'>προσ·</span> 
     </span>
     <span class='ocr_line' id='line_1_15' title="bbox 200 2054 1302 2158; baseline -0.003 -21"><span class='ocrx_word' id='word_1_114' title='bbox 200 2063 336 2155; x_wconf 83' lang='grc' dir='ltr'>δοκῦν;</span> <span class='ocrx_word' id='word_1_115' title='bbox 382 2059 491 2138; x_wconf 86' lang='grc' dir='ltr'>Ἀλλ’</span> <span class='ocrx_word' id='word_1_116' title='bbox 526 2061 605 2137; x_wconf 72' lang='grc' dir='ltr'>οὔτε</span> <span class='ocrx_word' id='word_1_117' title='bbox 642 2058 776 2137; x_wconf 76' lang='grc' dir='ltr'>ἄλλοτε</span> <span class='ocrx_word' id='word_1_118' title='bbox 813 2057 958 2138; x_wconf 79' lang='grc' dir='ltr'>πώποτε</span> <span class='ocrx_word' id='word_1_119' title='bbox 982 2055 1099 2138; x_wconf 83' lang='grc' dir='ltr'>πάλαι</span> <span class='ocrx_word' id='word_1_120' title='bbox 1127 2054 1302 2158; x_wconf 88' lang='grc' dir='ltr'>πρότερον</span> 
     </span>
     <span class='ocr_line' id='line_1_16' title="bbox 145 2183 1301 2290; baseline 0.001 -27"><span class='ocrx_word' id='word_1_121' title='bbox 145 2189 415 2286; x_wconf 63' lang='grc' dir='ltr'>ιιιγεγενῆσθαι</span> <span class='ocrx_word' id='word_1_122' title='bbox 451 2183 498 2262; x_wconf 83' lang='grc' dir='ltr'><strong>τὰ</strong></span> <span class='ocrx_word' id='word_1_123' title='bbox 534 2183 830 2290; x_wconf 85' lang='grc' dir='ltr'>προφητευόμενοί</span> <span class='ocrx_word' id='word_1_124' title='bbox 865 2187 964 2262; x_wconf 88' lang='grc' dir='ltr'>ε’στιν</span> <span class='ocrx_word' id='word_1_125' title='bbox 996 2189 1114 2262; x_wconf 79' lang='grc' dir='ltr'>εἰπεῖν.</span> <span class='ocrx_word' id='word_1_126' title='bbox 1174 2183 1301 2264; x_wconf 79' lang='grc' dir='ltr'>Οὐδεὶς</span> 
     </span>
     <span class='ocr_line' id='line_1_17' title="bbox 200 2306 1302 2417; baseline -0.005 -26"><span class='ocrx_word' id='word_1_127' title='bbox 200 2319 287 2413; x_wconf 86' lang='grc' dir='ltr'>γοῦν</span> <span class='ocrx_word' id='word_1_128' title='bbox 304 2313 388 2414; x_wconf 90' lang='grc' dir='ltr'>παρ’</span> <span class='ocrx_word' id='word_1_129' title='bbox 406 2310 590 2412; x_wconf 83' lang='grc' dir='ltr'>Ἑβραίοις</span> <span class='ocrx_word' id='word_1_130' title='bbox 614 2310 760 2390; x_wconf 79' lang='grc' dir='ltr'>πώποτε</span> <span class='ocrx_word' id='word_1_131' title='bbox 784 2313 824 2389; x_wconf 81' lang='grc' dir='ltr'><strong>ἐκ</strong></span> <span class='ocrx_word' id='word_1_132' title='bbox 847 2309 1069 2417; x_wconf 84' lang='grc' dir='ltr'>προφήτιδος</span> <span class='ocrx_word' id='word_1_133' title='bbox 1091 2306 1226 2409; x_wconf 80' lang='grc' dir='ltr'>μητρὸς</span> <span class='ocrx_word' id='word_1_134' title='bbox 1242 2310 1302 2386; x_wconf 85' lang='grc' dir='ltr'><strong>καὶ</strong></span> 
     </span>
     <span class='ocr_line' id='line_1_18' title="bbox 196 2433 1340 2542; baseline -0.005 -25"><span class='ocrx_word' id='word_1_135' title='bbox 196 2435 357 2517; x_wconf 82' lang='grc' dir='ltr'>Ἠσαίου</span> <span class='ocrx_word' id='word_1_136' title='bbox 376 2445 440 2516; x_wconf 94' lang='grc' dir='ltr'><strong>τοῦ</strong></span> <span class='ocrx_word' id='word_1_137' title='bbox 464 2436 654 2542; x_wconf 71' lang='grc' dir='ltr'>προφήτου</span> <span class='ocrx_word' id='word_1_138' title='bbox 677 2439 855 2537; x_wconf 81' lang='grc' dir='ltr'>γεννηθεὶς</span> <span class='ocrx_word' id='word_1_139' title='bbox 881 2444 1004 2515; x_wconf 91' lang='grc' dir='ltr'>σκῦλα</span> <span class='ocrx_word' id='word_1_140' title='bbox 1023 2433 1224 2536; x_wconf 82' lang='grc' dir='ltr'>Σαμαρείας</span> <span class='ocrx_word' id='word_1_141' title='bbox 1241 2435 1299 2512; x_wconf 85' lang='grc' dir='ltr'><strong>καὶ</strong></span> <span class='ocrx_word' id='word_1_142' title='bbox 1311 2471 1340 2504; x_wconf 85' lang='grc' dir='ltr'><strong>ιο</strong></span> 
     </span>
     <span class='ocr_line' id='line_1_19' title="bbox 200 2560 1324 2662; baseline -0.002 -20"><span class='ocrx_word' id='word_1_143' title='bbox 200 2561 348 2661; x_wconf 88' lang='grc' dir='ltr'>δῦναμιν</span> <span class='ocrx_word' id='word_1_144' title='bbox 362 2570 576 2662; x_wconf 87' lang='grc' dir='ltr'>Δαμασκοῦ,</span> <span class='ocrx_word' id='word_1_145' title='bbox 590 2560 681 2641; x_wconf 78' lang='grc' dir='ltr'>κατὰ</span> <span class='ocrx_word' id='word_1_146' title='bbox 695 2570 758 2641; x_wconf 90' lang='grc' dir='ltr'><strong>τοῦ</strong></span> <span class='ocrx_word' id='word_1_147' title='bbox 769 2560 950 2656; x_wconf 78' lang='grc' dir='ltr'>βασιλέως</span> <span class='ocrx_word' id='word_1_148' title='bbox 962 2561 1172 2661; x_wconf 88' lang='grc' dir='ltr'>Ἀσσυρίων</span> <span class='ocrx_word' id='word_1_149' title='bbox 1186 2593 1324 2659; x_wconf 89' lang='grc' dir='ltr'>στρο-ο</span> 
     </span>
     <span class='ocr_line' id='line_1_20' title="bbox 144 2682 1299 2792; baseline -0.004 -24"><span class='ocrx_word' id='word_1_150' title='bbox 144 2717 189 2768; x_wconf 75' lang='lat'><strong>¹²⁵</strong></span> <span class='ocrx_word' id='word_1_151' title='bbox 200 2689 341 2787; x_wconf 91' lang='grc' dir='ltr'>τειίσας,</span> <span class='ocrx_word' id='word_1_152' title='bbox 353 2692 401 2774; x_wconf 83' lang='grc' dir='ltr'>ὡς</span> <span class='ocrx_word' id='word_1_153' title='bbox 413 2688 505 2792; x_wconf 78' lang='grc' dir='ltr'>πρὸς</span> <span class='ocrx_word' id='word_1_154' title='bbox 522 2687 633 2792; x_wconf 83' lang='grc' dir='ltr'>ῥητὴν</span> <span class='ocrx_word' id='word_1_155' title='bbox 648 2686 805 2768; x_wconf 81' lang='grc' dir='ltr'>διάνοιαν</span> <span class='ocrx_word' id='word_1_156' title='bbox 819 2686 947 2780; x_wconf 82' lang='grc' dir='ltr'>λαβὼν</span> <span class='ocrx_word' id='word_1_157' title='bbox 961 2685 1156 2786; x_wconf 77' lang='grc' dir='ltr'>ἱστόρηται.</span> <span class='ocrx_word' id='word_1_158' title='bbox 1181 2682 1299 2763; x_wconf 85' lang='grc' dir='ltr'>Ὥστε</span> 
     </span>
     <span class='ocr_line' id='line_1_21' title="bbox 586 2852 905 2928; baseline 0 -18"><span class='ocrx_word' id='word_1_159' title='bbox 586 2852 603 2897; x_wconf 65' lang='lat' dir='ltr'>k</span> <span class='ocrx_word' id='word_1_160' title='bbox 617 2857 658 2910; x_wconf 72' lang='grc' dir='ltr'><strong>καὶ</strong></span> <span class='ocrx_word' id='word_1_161' title='bbox 671 2855 730 2928; x_wconf 76' lang='grc' dir='ltr'>τῆς]</span> <span class='ocrx_word' id='word_1_162' title='bbox 747 2857 787 2910; x_wconf 75' lang='grc' dir='ltr'><strong>καὶ</strong></span> <span class='ocrx_word' id='word_1_163' title='bbox 801 2873 857 2912; x_wconf 85' lang='lat' dir='ltr'><strong>om.</strong></span> <span class='ocrx_word' id='word_1_164' title='bbox 873 2856 905 2910; x_wconf 86' lang='lat' dir='ltr'><strong>P.</strong></span> 
     </span>
    </p>
   </div>
   <div class='ocr_carea' id='block_1_5' title="bbox 193 2991 1300 4352">
    <p class='ocr_par' dir='ltr' id='par_1_5' title="bbox 193 2991 1300 4352">
     <span class='ocr_line' id='line_1_22' title="bbox 196 2991 1300 3072; baseline -0.003 -19"><span class='ocrx_word' id='word_1_165' title='bbox 196 2995 276 3072; x_wconf 72' lang='lat' dir='ltr'><strong>pleri.</strong></span> <span class='ocrx_word' id='word_1_166' title='bbox 317 2995 403 3063; x_wconf 89' lang='lat' dir='ltr'><strong>Quod</strong></span> <span class='ocrx_word' id='word_1_167' title='bbox 418 2995 442 3052; x_wconf 86' lang='lat' dir='ltr'><strong>si</strong></span> <span class='ocrx_word' id='word_1_168' title='bbox 456 2995 541 3052; x_wconf 85' lang='lat' dir='ltr'><strong>etiarn</strong></span> <span class='ocrx_word' id='word_1_169' title='bbox 559 3013 635 3051; x_wconf 91' lang='lat' dir='ltr'><strong>nunc</strong></span> <span class='ocrx_word' id='word_1_170' title='bbox 649 2994 741 3051; x_wconf 81' lang='lat' dir='ltr'><strong>Judaei</strong></span> <span class='ocrx_word' id='word_1_171' title='bbox 761 2994 823 3051; x_wconf 80' lang='lat' dir='ltr'><strong>haeo</strong></span> <span class='ocrx_word' id='word_1_172' title='bbox 844 2993 899 3051; x_wconf 83' lang='lat' dir='ltr'><strong>alio</strong></span> <span class='ocrx_word' id='word_1_173' title='bbox 921 2993 1042 3068; x_wconf 82' lang='lat' dir='ltr'><strong>quodam</strong></span> <span class='ocrx_word' id='word_1_174' title='bbox 1058 3001 1186 3068; x_wconf 89' lang='lat' dir='ltr'><strong>tempore</strong></span> <span class='ocrx_word' id='word_1_175' title='bbox 1204 2991 1300 3050; x_wconf 78' lang='lat' dir='ltr'><strong>futura</strong></span> 
     </span>
     <span class='ocr_line' id='line_1_23' title="bbox 196 3073 1300 3150; baseline -0.001 -18"><span class='ocrx_word' id='word_1_176' title='bbox 196 3094 259 3133; x_wconf 88' lang='lat' dir='ltr'><strong>esse</strong></span> <span class='ocrx_word' id='word_1_177' title='bbox 273 3075 379 3140; x_wconf 83' lang='lat' dir='ltr'><strong>dicant,</strong></span> <span class='ocrx_word' id='word_1_178' title='bbox 394 3083 493 3150; x_wconf 82' lang='lat' dir='ltr'><strong>utpote</strong></span> <span class='ocrx_word' id='word_1_179' title='bbox 514 3094 600 3149; x_wconf 87' lang='lat' dir='ltr'><strong>quum</strong></span> <span class='ocrx_word' id='word_1_180' title='bbox 622 3094 656 3132; x_wconf 89' lang='lat' dir='ltr'><strong>ea</strong></span> <span class='ocrx_word' id='word_1_181' title='bbox 675 3093 710 3131; x_wconf 86' lang='lat' dir='ltr'><strong>ex</strong></span> <span class='ocrx_word' id='word_1_182' title='bbox 733 3075 840 3148; x_wconf 87' lang='lat' dir='ltr'><strong>scripto</strong></span> <span class='ocrx_word' id='word_1_183' title='bbox 858 3075 998 3132; x_wconf 75' lang='lat' dir='ltr'><strong>duntaxat</strong></span> <span class='ocrx_word' id='word_1_184' title='bbox 1019 3083 1103 3149; x_wconf 83' lang='lat' dir='ltr'><strong>atque</strong></span> <span class='ocrx_word' id='word_1_185' title='bbox 1124 3073 1300 3132; x_wconf 85' lang='lat' dir='ltr'><strong>adverbum</strong></span> 
     </span>
     <span class='ocr_line' id='line_1_24' title="bbox 197 3154 1297 3230; baseline -0.002 -18"><span class='ocrx_word' id='word_1_186' title='bbox 197 3156 232 3212; x_wconf 91' lang='lat' dir='ltr'><strong>de</strong></span> <span class='ocrx_word' id='word_1_187' title='bbox 246 3173 292 3220; x_wconf 85' lang='lat' dir='ltr'><strong>eo,</strong></span> <span class='ocrx_word' id='word_1_188' title='bbox 308 3155 355 3230; x_wconf 91' lang='lat' dir='ltr'><strong>qni</strong></span> <span class='ocrx_word' id='word_1_189' title='bbox 369 3155 405 3212; x_wconf 92' lang='lat' dir='ltr'><strong>ab</strong></span> <span class='ocrx_word' id='word_1_190' title='bbox 420 3154 488 3230; x_wconf 87' lang='lat' dir='ltr'><strong>ipsis</strong></span> <span class='ocrx_word' id='word_1_191' title='bbox 502 3155 594 3212; x_wconf 76' lang='lat' dir='ltr'><strong>adhuc</strong></span> <span class='ocrx_word' id='word_1_192' title='bbox 609 3162 784 3230; x_wconf 84' lang='lat' dir='ltr'><strong>expectatur,</strong></span> <span class='ocrx_word' id='word_1_193' title='bbox 800 3154 916 3212; x_wconf 86' lang='lat' dir='ltr'><strong>Christo</strong></span> <span class='ocrx_word' id='word_1_194' title='bbox 931 3155 1058 3229; x_wconf 87' lang='lat' dir='ltr'><strong>accipere</strong></span> <span class='ocrx_word' id='word_1_195' title='bbox 1075 3155 1195 3222; x_wconf 77' lang='lat' dir='ltr'><strong>soleant,</strong></span> <span class='ocrx_word' id='word_1_196' title='bbox 1209 3154 1297 3212; x_wconf 89' lang='lat' dir='ltr'><strong>inter·</strong></span> 
     </span>
     <span class='ocr_line' id='line_1_25' title="bbox 196 3234 1298 3311; baseline 0 -19"><span class='ocrx_word' id='word_1_197' title='bbox 196 3235 317 3311; x_wconf 74' lang='lat' dir='ltr'><strong>rogandi</strong></span> <span class='ocrx_word' id='word_1_198' title='bbox 342 3244 409 3292; x_wconf 84' lang='lat' dir='ltr'><strong>sunt</strong></span> <span class='ocrx_word' id='word_1_199' title='bbox 437 3236 565 3310; x_wconf 86' lang='lat' dir='ltr'><strong>protinus</strong></span> <span class='ocrx_word' id='word_1_200' title='bbox 592 3234 736 3309; x_wconf 88' lang='lat' dir='ltr'><strong>quomodo</strong></span> <span class='ocrx_word' id='word_1_201' title='bbox 763 3234 810 3310; x_wconf 89' lang='lat' dir='ltr'><strong>qui</strong></span> <span class='ocrx_word' id='word_1_202' title='bbox 835 3245 970 3292; x_wconf 88' lang='lat' dir='ltr'><strong>venturus</strong></span> <span class='ocrx_word' id='word_1_203' title='bbox 995 3243 1049 3300; x_wconf 87' lang='lat' dir='ltr'><strong>est,</strong></span> <span class='ocrx_word' id='word_1_204' title='bbox 1073 3244 1105 3291; x_wconf 88' lang='lat' dir='ltr'><strong>nt</strong></span> <span class='ocrx_word' id='word_1_205' title='bbox 1128 3235 1182 3309; x_wconf 91' lang='lat' dir='ltr'><strong>ipsi</strong></span> <span class='ocrx_word' id='word_1_206' title='bbox 1210 3235 1298 3301; x_wconf 85' lang='lat' dir='ltr'><strong>aiunt,</strong></span> 
     </span>
     <span class='ocr_line' id='line_1_26' title="bbox 197 3315 1297 3390; baseline 0 -18"><span class='ocrx_word' id='word_1_207' title='bbox 197 3318 367 3374; x_wconf 74' lang='lat' dir='ltr'><strong>Potesiatem</strong></span> <span class='ocrx_word' id='word_1_208' title='bbox 393 3315 530 3373; x_wconf 80' lang='lat' dir='ltr'><strong>Damasci</strong></span> <span class='ocrx_word' id='word_1_209' title='bbox 557 3323 584 3372; x_wconf 83' lang='lat' dir='ltr'><strong>et</strong></span> <span class='ocrx_word' id='word_1_210' title='bbox 611 3315 699 3390; x_wconf 76' lang='lat' dir='ltr'><strong>spolia</strong></span> <span class='ocrx_word' id='word_1_211' title='bbox 724 3316 856 3372; x_wconf 74' lang='lat' dir='ltr'><strong>Samaria</strong></span> <span class='ocrx_word' id='word_1_212' title='bbox 878 3315 992 3390; x_wconf 79' lang='lat' dir='ltr'><strong>accipiet</strong></span> <span class='ocrx_word' id='word_1_213' title='bbox 1016 3335 1106 3372; x_wconf 84' lang='lat' dir='ltr'><strong>coram</strong></span> <span class='ocrx_word' id='word_1_214' title='bbox 1129 3333 1191 3387; x_wconf 79' lang='lat' dir='ltr'><strong>rege</strong></span> <span class='ocrx_word' id='word_1_215' title='bbox 1212 3318 1297 3388; x_wconf 77' lang='lat' dir='ltr'><strong>Assy-</strong></span> 
     </span>
     <span class='ocr_line' id='line_1_27' title="bbox 196 3394 1297 3473; baseline -0.002 -21"><span class='ocrx_word' id='word_1_216' title='bbox 196 3396 310 3461; x_wconf 71' lang='lat' dir='ltr'><strong>riorum,</strong></span> <span class='ocrx_word' id='word_1_217' title='bbox 325 3414 412 3470; x_wconf 89' lang='lat' dir='ltr'><strong>quum</strong></span> <span class='ocrx_word' id='word_1_218' title='bbox 433 3396 463 3452; x_wconf 92' lang='lat' dir='ltr'><strong>in</strong></span> <span class='ocrx_word' id='word_1_219' title='bbox 483 3395 618 3473; x_wconf 73' lang='lat' dir='ltr'><strong>praesenti</strong></span> <span class='ocrx_word' id='word_1_220' title='bbox 638 3403 767 3470; x_wconf 90' lang='lat' dir='ltr'><strong>tempore</strong></span> <span class='ocrx_word' id='word_1_221' title='bbox 789 3394 917 3451; x_wconf 77' lang='lat' dir='ltr'><strong>Samaria</strong></span> <span class='ocrx_word' id='word_1_222' title='bbox 933 3394 1044 3451; x_wconf 85' lang='lat' dir='ltr'><strong>sublata</strong></span> <span class='ocrx_word' id='word_1_223' title='bbox 1065 3395 1102 3450; x_wconf 87' lang='lat' dir='ltr'><strong>sit</strong></span> <span class='ocrx_word' id='word_1_224' title='bbox 1124 3411 1216 3467; x_wconf 90' lang='lat' dir='ltr'><strong>neque</strong></span> <span class='ocrx_word' id='word_1_225' title='bbox 1237 3413 1297 3450; x_wconf 85' lang='lat' dir='ltr'><strong>am·</strong></span> 
     </span>
     <span class='ocr_line' id='line_1_28' title="bbox 195 3473 1298 3550; baseline -0.004 -18"><span class='ocrx_word' id='word_1_226' title='bbox 195 3475 269 3550; x_wconf 89' lang='lat' dir='ltr'><strong>plius</strong></span> <span class='ocrx_word' id='word_1_227' title='bbox 296 3475 411 3542; x_wconf 83' lang='lat' dir='ltr'><strong>existat,</strong></span> <span class='ocrx_word' id='word_1_228' title='bbox 436 3483 465 3532; x_wconf 91' lang='lat' dir='ltr'><strong>et</strong></span> <span class='ocrx_word' id='word_1_229' title='bbox 487 3494 529 3541; x_wconf 84' lang='lat' dir='ltr'><strong>es,</strong></span> <span class='ocrx_word' id='word_1_230' title='bbox 558 3494 621 3550; x_wconf 75' lang='lat' dir='ltr'><strong>qum</strong></span> <span class='ocrx_word' id='word_1_231' title='bbox 648 3483 775 3550; x_wconf 78' lang='lat' dir='ltr'><strong>potestas</strong></span> <span class='ocrx_word' id='word_1_232' title='bbox 798 3473 931 3531; x_wconf 85' lang='lat' dir='ltr'><strong>Damasci</strong></span> <span class='ocrx_word' id='word_1_233' title='bbox 959 3473 1131 3535; x_wconf 83' lang='lat' dir='ltr'><strong>nominatur,</strong></span> <span class='ocrx_word' id='word_1_234' title='bbox 1159 3491 1298 3546; x_wconf 76' lang='lat' dir='ltr'><strong>nusquam</strong></span> 
     </span>
     <span class='ocr_line' id='line_1_29' title="bbox 196 3551 1299 3631; baseline -0.004 -19"><span class='ocrx_word' id='word_1_235' title='bbox 196 3564 339 3631; x_wconf 83' lang='lat' dir='ltr'><strong>appareat,</strong></span> <span class='ocrx_word' id='word_1_236' title='bbox 354 3574 446 3630; x_wconf 88' lang='lat' dir='ltr'><strong>neque</strong></span> <span class='ocrx_word' id='word_1_237' title='bbox 460 3556 528 3612; x_wconf 88' lang='lat' dir='ltr'><strong>item</strong></span> <span class='ocrx_word' id='word_1_238' title='bbox 543 3555 671 3630; x_wconf 88' lang='lat' dir='ltr'><strong>potentia</strong></span> <span class='ocrx_word' id='word_1_239' title='bbox 684 3553 876 3630; x_wconf 80' lang='lat' dir='ltr'><strong>Assyriorum,</strong></span> <span class='ocrx_word' id='word_1_240' title='bbox 892 3571 976 3627; x_wconf 88' lang='lat' dir='ltr'><strong>qnam</strong></span> <span class='ocrx_word' id='word_1_241' title='bbox 991 3552 1104 3627; x_wconf 91' lang='lat' dir='ltr'><strong>quidem</strong></span> <span class='ocrx_word' id='word_1_242' title='bbox 1119 3570 1205 3625; x_wconf 89' lang='lat' dir='ltr'><strong>quum</strong></span> <span class='ocrx_word' id='word_1_243' title='bbox 1217 3551 1299 3608; x_wconf 87' lang='lat' dir='ltr'><strong>Medi</strong></span> 
     </span>
     <span class='ocr_line' id='line_1_30' title="bbox 195 3633 1297 3710; baseline -0.007 -17"><span class='ocrx_word' id='word_1_244' title='bbox 195 3655 229 3693; x_wconf 87' lang='lat' dir='ltr'><strong>ae</strong></span> <span class='ocrx_word' id='word_1_245' title='bbox 251 3637 345 3693; x_wconf 75' lang='lat' dir='ltr'><strong>Perse</strong></span> <span class='ocrx_word' id='word_1_246' title='bbox 368 3636 544 3700; x_wconf 79' lang='lat' dir='ltr'><strong>evertissent,</strong></span> <span class='ocrx_word' id='word_1_247' title='bbox 565 3637 595 3692; x_wconf 91' lang='lat' dir='ltr'><strong>in</strong></span> <span class='ocrx_word' id='word_1_248' title='bbox 616 3636 677 3710; x_wconf 85' lang='lat' dir='ltr'><strong>ejus</strong></span> <span class='ocrx_word' id='word_1_249' title='bbox 698 3635 792 3692; x_wconf 84' lang='lat' dir='ltr'><strong>locum</strong></span> <span class='ocrx_word' id='word_1_250' title='bbox 810 3633 981 3709; x_wconf 82' lang='lat' dir='ltr'><strong>jampridem</strong></span> <span class='ocrx_word' id='word_1_251' title='bbox 1003 3637 1208 3695; x_wconf 84' lang='lat' dir='ltr'><strong>successerunt,</strong></span> <span class='ocrx_word' id='word_1_252' title='bbox 1235 3650 1297 3704; x_wconf 89' lang='lat' dir='ltr'><strong>quae</strong></span> 
     </span>
     <span class='ocr_line' id='line_1_31' title="bbox 195 3711 1296 3790; baseline -0.006 -16"><span class='ocrx_word' id='word_1_253' title='bbox 195 3716 278 3774; x_wconf 87' lang='lat' dir='ltr'><strong>simul</strong></span> <span class='ocrx_word' id='word_1_254' title='bbox 293 3715 390 3772; x_wconf 87' lang='lat' dir='ltr'><strong>omnia</strong></span> <span class='ocrx_word' id='word_1_255' title='bbox 404 3734 489 3790; x_wconf 87' lang='lat' dir='ltr'><strong>quum</strong></span> <span class='ocrx_word' id='word_1_256' title='bbox 505 3715 688 3790; x_wconf 87' lang='lat' dir='ltr'><strong>suiipsorum</strong></span> <span class='ocrx_word' id='word_1_257' title='bbox 704 3715 761 3771; x_wconf 88' lang='lat' dir='ltr'><strong>hoc</strong></span> <span class='ocrx_word' id='word_1_258' title='bbox 779 3715 841 3788; x_wconf 85' lang='lat' dir='ltr'><strong>ipso</strong></span> <span class='ocrx_word' id='word_1_259' title='bbox 855 3723 983 3789; x_wconf 86' lang='lat' dir='ltr'><strong>tempore</strong></span> <span class='ocrx_word' id='word_1_260' title='bbox 997 3713 1046 3768; x_wconf 86' lang='lat' dir='ltr'><strong>vix</strong></span> <span class='ocrx_word' id='word_1_261' title='bbox 1060 3711 1193 3786; x_wconf 86' lang='lat' dir='ltr'><strong>exignum</strong></span> <span class='ocrx_word' id='word_1_262' title='bbox 1208 3711 1296 3785; x_wconf 89' lang='lat' dir='ltr'><strong>qnod-</strong></span> 
     </span>
     <span class='ocr_line' id='line_1_32' title="bbox 195 3790 1296 3871; baseline -0.006 -18"><span class='ocrx_word' id='word_1_263' title='bbox 195 3796 261 3853; x_wconf 84' lang='lat' dir='ltr'><strong>dam</strong></span> <span class='ocrx_word' id='word_1_264' title='bbox 275 3796 427 3871; x_wconf 83' lang='lat' dir='ltr'><strong>vestigium</strong></span> <span class='ocrx_word' id='word_1_265' title='bbox 441 3796 639 3853; x_wconf 83' lang='lat' dir='ltr'><strong>demonstrent</strong></span> <span class='ocrx_word' id='word_1_266' title='bbox 658 3813 714 3869; x_wconf 91' lang='lat' dir='ltr'><strong>quo</strong></span> <span class='ocrx_word' id='word_1_267' title='bbox 734 3794 874 3869; x_wconf 82' lang='lat' dir='ltr'><strong>possimus</strong></span> <span class='ocrx_word' id='word_1_268' title='bbox 889 3813 922 3852; x_wconf 83' lang='lat' dir='ltr'><strong>ea</strong></span> <span class='ocrx_word' id='word_1_269' title='bbox 940 3792 1026 3850; x_wconf 85' lang='lat' dir='ltr'><strong>fuisse</strong></span> <span class='ocrx_word' id='word_1_270' title='bbox 1041 3790 1192 3866; x_wconf 85' lang='lat' dir='ltr'><strong>aliqnando</strong></span> <span class='ocrx_word' id='word_1_271' title='bbox 1206 3791 1296 3865; x_wconf 88' lang='lat' dir='ltr'><strong>conji-</strong></span> 
     </span>
     <span class='ocr_line' id='line_1_33' title="bbox 195 3875 1299 3950; baseline -0.005 -17"><span class='ocrx_word' id='word_1_272' title='bbox 195 3895 268 3942; x_wconf 86' lang='lat' dir='ltr'><strong>cere,</strong></span> <span class='ocrx_word' id='word_1_273' title='bbox 282 3877 329 3950; x_wconf 89' lang='lat' dir='ltr'><strong>qui</strong></span> <span class='ocrx_word' id='word_1_274' title='bbox 344 3876 460 3933; x_wconf 86' lang='lat' dir='ltr'><strong>tandem</strong></span> <span class='ocrx_word' id='word_1_275' title='bbox 474 3876 534 3933; x_wconf 88' lang='lat' dir='ltr'><strong>fieri</strong></span> <span class='ocrx_word' id='word_1_276' title='bbox 549 3884 643 3950; x_wconf 89' lang='lat' dir='ltr'><strong>potest</strong></span> <span class='ocrx_word' id='word_1_277' title='bbox 657 3884 688 3932; x_wconf 91' lang='lat' dir='ltr'><strong>ut</strong></span> <span class='ocrx_word' id='word_1_278' title='bbox 702 3875 870 3932; x_wconf 87' lang='lat' dir='ltr'><strong>infuturum</strong></span> <span class='ocrx_word' id='word_1_279' title='bbox 886 3884 998 3948; x_wconf 86' lang='lat' dir='ltr'><strong>tempus</strong></span> <span class='ocrx_word' id='word_1_280' title='bbox 1014 3891 1113 3930; x_wconf 86' lang='lat' dir='ltr'><strong>eornm</strong></span> <span class='ocrx_word' id='word_1_281' title='bbox 1135 3880 1299 3946; x_wconf 83' lang='lat' dir='ltr'><strong>expectetur</strong></span> 
     </span>
     <span class='ocr_line' id='line_1_34' title="bbox 194 3953 1296 4030; baseline -0.005 -17"><span class='ocrx_word' id='word_1_282' title='bbox 194 3956 326 4014; x_wconf 83' lang='lat' dir='ltr'><strong>eversio?</strong></span> <span class='ocrx_word' id='word_1_283' title='bbox 351 3956 440 4030; x_wconf 83' lang='lat' dir='ltr'><strong>Atqui</strong></span> <span class='ocrx_word' id='word_1_284' title='bbox 454 3975 490 4013; x_wconf 89' lang='lat' dir='ltr'><strong>ne</strong></span> <span class='ocrx_word' id='word_1_285' title='bbox 505 3965 589 4013; x_wconf 87' lang='lat' dir='ltr'><strong>antea</strong></span> <span class='ocrx_word' id='word_1_286' title='bbox 608 3956 722 4030; x_wconf 89' lang='lat' dir='ltr'><strong>quidem</strong></span> <span class='ocrx_word' id='word_1_287' title='bbox 738 3954 795 4011; x_wconf 92' lang='lat' dir='ltr'><strong>ullo</strong></span> <span class='ocrx_word' id='word_1_288' title='bbox 809 3973 932 4030; x_wconf 88' lang='lat' dir='ltr'><strong>unquam</strong></span> <span class='ocrx_word' id='word_1_289' title='bbox 946 3963 1075 4029; x_wconf 87' lang='lat' dir='ltr'><strong>tempore</strong></span> <span class='ocrx_word' id='word_1_290' title='bbox 1088 3953 1163 4008; x_wconf 79' lang='lat' dir='ltr'><strong>fucta</strong></span> <span class='ocrx_word' id='word_1_291' title='bbox 1177 3970 1239 4009; x_wconf 85' lang='lat' dir='ltr'><strong>ease</strong></span> <span class='ocrx_word' id='word_1_292' title='bbox 1253 3971 1296 4021; x_wconf 85' lang='lat' dir='ltr'><strong>ea,</strong></span> 
     </span>
     <span class='ocr_line' id='line_1_35' title="bbox 195 4033 1297 4111; baseline -0.005 -18"><span class='ocrx_word' id='word_1_293' title='bbox 195 4055 258 4110; x_wconf 83' lang='lat' dir='ltr'><strong>qnae</strong></span> <span class='ocrx_word' id='word_1_294' title='bbox 272 4037 301 4093; x_wconf 90' lang='lat' dir='ltr'><strong>in</strong></span> <span class='ocrx_word' id='word_1_295' title='bbox 316 4036 481 4111; x_wconf 86' lang='lat' dir='ltr'><strong>hujusmodi</strong></span> <span class='ocrx_word' id='word_1_296' title='bbox 494 4036 643 4111; x_wconf 87' lang='lat' dir='ltr'><strong>prophetia</strong></span> <span class='ocrx_word' id='word_1_297' title='bbox 662 4035 852 4100; x_wconf 85' lang='lat' dir='ltr'><strong>continentur.</strong></span> <span class='ocrx_word' id='word_1_298' title='bbox 868 4035 962 4092; x_wconf 83' lang='lat' dir='ltr'><strong>dicere</strong></span> <span class='ocrx_word' id='word_1_299' title='bbox 982 4035 1040 4090; x_wconf 87' lang='lat' dir='ltr'><strong>ullo</strong></span> <span class='ocrx_word' id='word_1_300' title='bbox 1062 4033 1148 4089; x_wconf 92' lang='lat' dir='ltr'><strong>modo</strong></span> <span class='ocrx_word' id='word_1_301' title='bbox 1168 4042 1297 4108; x_wconf 87' lang='lat' dir='ltr'><strong>possunt.</strong></span> 
     </span>
     <span class='ocr_line' id='line_1_36' title="bbox 195 4113 1298 4190; baseline -0.004 -18"><span class='ocrx_word' id='word_1_302' title='bbox 195 4117 302 4174; x_wconf 88' lang='lat' dir='ltr'><strong>Nullus</strong></span> <span class='ocrx_word' id='word_1_303' title='bbox 323 4127 401 4173; x_wconf 85' lang='lat' dir='ltr'><strong>certe</strong></span> <span class='ocrx_word' id='word_1_304' title='bbox 421 4135 544 4190; x_wconf 80' lang='lat' dir='ltr'><strong>unquam</strong></span> <span class='ocrx_word' id='word_1_305' title='bbox 562 4117 637 4190; x_wconf 87' lang='lat' dir='ltr'><strong>apud</strong></span> <span class='ocrx_word' id='word_1_306' title='bbox 658 4116 806 4180; x_wconf 72' lang='lat' dir='ltr'><strong>Hebraeos,</strong></span> <span class='ocrx_word' id='word_1_307' title='bbox 822 4133 859 4171; x_wconf 86' lang='lat' dir='ltr'><strong>ex</strong></span> <span class='ocrx_word' id='word_1_308' title='bbox 879 4114 1044 4189; x_wconf 86' lang='lat' dir='ltr'><strong>prophetica</strong></span> <span class='ocrx_word' id='word_1_309' title='bbox 1062 4123 1152 4169; x_wconf 87' lang='lat' dir='ltr'><strong>matre</strong></span> <span class='ocrx_word' id='word_1_310' title='bbox 1169 4121 1198 4170; x_wconf 88' lang='lat' dir='ltr'><strong>et</strong></span> <span class='ocrx_word' id='word_1_311' title='bbox 1210 4113 1298 4169; x_wconf 79' lang='lat' dir='ltr'><strong>Esaia</strong></span> 
     </span>
     <span class='ocr_line' id='line_1_37' title="bbox 195 4191 1298 4274; baseline -0.006 -21"><span class='ocrx_word' id='word_1_312' title='bbox 195 4197 337 4271; x_wconf 86' lang='lat' dir='ltr'><strong>propheta</strong></span> <span class='ocrx_word' id='word_1_313' title='bbox 364 4205 457 4264; x_wconf 84' lang='lat' dir='ltr'><strong>natus,</strong></span> <span class='ocrx_word' id='word_1_314' title='bbox 481 4196 570 4270; x_wconf 86' lang='lat' dir='ltr'><strong>spolia</strong></span> <span class='ocrx_word' id='word_1_315' title='bbox 595 4195 730 4252; x_wconf 82' lang='lat' dir='ltr'><strong>Samarire</strong></span> <span class='ocrx_word' id='word_1_316' title='bbox 752 4203 782 4251; x_wconf 85' lang='lat' dir='ltr'><strong>et</strong></span> <span class='ocrx_word' id='word_1_317' title='bbox 808 4202 979 4269; x_wconf 81' lang='lat' dir='ltr'><strong>potestatem</strong></span> <span class='ocrx_word' id='word_1_318' title='bbox 1004 4191 1149 4274; x_wconf 67' lang='lat' dir='ltr'><strong>Damasei,</strong></span> <span class='ocrx_word' id='word_1_319' title='bbox 1172 4191 1298 4249; x_wconf 84' lang='lat' dir='ltr'><strong>exercitu</strong></span> 
     </span>
     <span class='ocr_line' id='line_1_38' title="bbox 193 4273 1295 4352; baseline -0.007 -19"><span class='ocrx_word' id='word_1_320' title='bbox 193 4285 295 4334; x_wconf 86' lang='lat' dir='ltr'><strong>contra</strong></span> <span class='ocrx_word' id='word_1_321' title='bbox 308 4295 407 4351; x_wconf 84' lang='lat' dir='ltr'><strong>regem</strong></span> <span class='ocrx_word' id='word_1_322' title='bbox 421 4277 604 4352; x_wconf 82' lang='lat' dir='ltr'><strong>Assyriorum</strong></span> <span class='ocrx_word' id='word_1_323' title='bbox 618 4283 793 4350; x_wconf 80' lang='lat' dir='ltr'><strong>comparato,</strong></span> <span class='ocrx_word' id='word_1_324' title='bbox 809 4277 854 4347; x_wconf 93' lang='lat' dir='ltr'><strong>(ut</strong></span> <span class='ocrx_word' id='word_1_325' title='bbox 868 4292 930 4330; x_wconf 84' lang='lat' dir='ltr'><strong>eam</strong></span> <span class='ocrx_word' id='word_1_326' title='bbox 952 4273 1121 4330; x_wconf 81' lang='lat' dir='ltr'><strong>sententiam</strong></span> <span class='ocrx_word' id='word_1_327' title='bbox 1136 4289 1295 4345; x_wconf 83' lang='lat' dir='ltr'><strong>sequamur,</strong></span> 
     </span>
    </p>
   </div>
   <div class='ocr_carea' id='block_1_6' title="bbox 718 4387 770 4426">
    <p class='ocr_par' dir='ltr' id='par_1_6' title="bbox 718 4387 770 4426">
     <span class='ocr_line' id='line_1_39' title="bbox 718 4387 770 4426; baseline 0.019 -1"><span class='ocrx_word' id='word_1_328' title='bbox 718 4387 770 4426; x_wconf 75' lang='lat'><strong>152</strong></span> 
     </span>
    </p>
   </div>
   <div class='ocr_carea' id='block_1_7' title="bbox 0 0 1570 4714">
    <p class='ocr_par' dir='ltr' id='par_1_7' title="bbox 0 0 1570 4714">
     <span class='ocr_line' id='line_1_40' title="bbox 0 0 1570 4714; baseline 0 0"><span class='ocrx_word' id='word_1_329' title='bbox 0 0 1570 4714; x_wconf 95' lang='lat' dir='ltr'><strong> </strong></span> 
     </span>
    </p>
   </div>
  </div>
 </body>
</html>
