3144 4720
48 272 197 356 -387.
459 277 687 346 DEMONST.
711 279 880 387 Evnuu.
905 281 1000 347 VIII.
1017 300 1046 346 2.
1247 285 1307 350 ’ΠΙ

209 444 326 546 ῶγίωι.
390 449 463 524 Καὶ
484 454 590 526 τοῦτο
615 447 652 527 δὲ
670 448 820 528 αὐτόθεν
836 446 1030 550 πρόδηλον,
1050 453 1098 533 ῶς
1116 449 1221 554 μέχρι
1237 457 1311 529 τῶν

208 578 273 649 τοῦ
287 575 454 673 Σωτῆρος
467 571 568 669 ἡμῶν
584 572 724 675 χρόνων
738 569 833 675 ἅγιοι
847 575 959 675 ἁγίων
978 581 1011 654 oi
1028 574 1112 677 παρ’
1127 574 1310 677 Ἑβραίοις
1322 611 1352 646 10

191 697 379 800 ,ἀρχιερεῖς
408 698 578 800 ἐχρίοντο,
595 695 702 777 ‘rard
730 697 797 798 τὴν
825 697 917 778 κατὰ
939 697 1024 778 Ιῑτὸν
1049 708 1113 779 τοῦ
1142 703 1310 785 Μωσέως

208 816 318 918 νόμον
335 823 607 920 ἑπιτελουμεῦην
625 823 822 924 ἀγιστείαν·
852 825 897 930 ἐξ
918 823 1106 905 εἰιείνουδέ
1132 827 1191 905 καὶ
1214 825 1336 905 οῦτοιο

161 946 462 1028 οῠδιαλελοίπασι
486 947 728 1047 καταλλήλως
749 954 795 1053 τῇ
816 951 1028 1056 προφητείη.
1076 951 1126 1028 Ἡ
1152 949 1220 1048 μὲν
1248 951 1311 1029 οῦν

207 1079 272 1151 τοῦ
284 1070 416 1168 Ἰακὼβ
433 1069 525 1175 πρὸς
542 1070 606 1152 τὸν
619 1072 758 1153 Ἰούδαν
775 1074 1009 1182 ἀναφῶνησις
1026 1076 1232 1176 ἡγουμένων
1251 1080 1310 1156 καὶ

208 1195 392 1300 ἀρχόντων
419 1207 484 1278 τοῦ
507 1201 689 1278 Ἰουδαίων
716 1200 839 1284 ἔθνους
867 1200 1030 1307 ἔκλειψιν
1057 1199 1187 1300 ἐδήλου
1218 1200 1332 1280 κατὰε

161 1318 255 1403 arrd
277 1323 558 1425 προτεταγμένα.
606 1323 755 1424 Ἐπειδὴ
783 1325 821 1404 δὲ
848 1324 894 1404 τό
918 1330 982 1424 τῆς
999 1326 1228 1428 προστασίας
1245 1335 1309 1405 τοῦ

206 1454 299 1525 λαοῦ
316 1454 515 1552 προφητῶν
532 1453 591 1529 καὶ
609 1449 726 1552 ἱερέων
743 1449 858 1530 πάλαι
875 1447 1050 1553 πρότερον
1067 1451 1210 1553 ἤρτητο,
1224 1453 1308 1530 ἀκο-

206 1567 345 1656 λούθως
362 1574 614 1676 προθεοπίσας
631 1577 652 1654 ὁ
670 1575 781 1678 λόγος
808 1574 866 1655 διὰ
888 1579 952 1673 τῆς
976 1577 1309 1678 προπαρατεθείοης

204 1699 424 1802 προφητείας
441 1696 509 1798 τὴν
525 1705 598 1778 τῶν
622 1699 806 1803 ἀρχόντων
823 1703 882 1778 καὶ
907 1699 1112 1800 ἡγουμένων
1129 1707 1194 1779 τοῦ
1211 1701 1301 1779 Ἰου·
1317 1742 1348 1779 ιο

205 1823 314 1901 δαίων
336 1821 460 1907 ἔθνους
478 1824 686 1927 καθαίρεσιν
709 1826 768 1904 ἐπὶ
785 1832 830 1930 τῇ
848 1833 912 1905 τοῦ
930 1831 1095 1928 Χριστοῦ
1112 1825 1306 1931 παρουσίᾳ,

204 1945 264 2026 διὰ
280 1951 344 2045 τῆς
361 1946 452 2045 μετὰ
469 1955 589 2052 χεῖρας
605 1953 824 2056 προφητείας
841 1949 908 2049 τὴν
930 1957 1003 2031 τῶν
1025 1957 1224 2058 προφητῶν
1248 1952 1337 2035 καὶεί

204 2080 277 2152 τῶν
305 2074 423 2176 ἱερέων
451 2081 524 2154 τῶν
550 2079 635 2178 παρ’
655 2078 773 2160 αῦτοΐς
799 2077 916 2157 πάλαι
944 2075 1212 2180 διαπρεπόντων
1242 2075 1304 2156 ἕκ-

203 2203 330 2304 λειφιν
358 2201 547 2306 ἀναφωνεῖ,
571 2204 620 2285 ῶς
645 2204 704 2280 καὶ
730 2200 866 2282 τούτων
896 2204 953 2281 ἐπὶ
980 2208 1026 2306 τῇ
1051 2209 1114 2282 τοῦ
1140 2205 1306 2304 Χριστοῦ

204 2325 391 2430 ε’πιφανείηι
409 2323 721 2431 διαλειφόντων,δ
744 2328 804 2404 καὶ
827 2326 914 2405 αὐτὸ
935 2333 1009 2411 τοῖς
1033 2326 1150 2429 ἔργοις
1168 2326 1190 2424 ἦ
1209 2359 1302 2428 παρ·

161 2479 196 2540 38
205 2449 312 2528 ουσία
343 2458 408 2530 τοῦ
440 2455 607 2554 Σωτῆρος
639 2452 740 2549 ἡμῶν
768 2451 1010 2532 ἐπιστώσατο.
1068 2453 1172 2532 Ἐπεὶ
1208 2450 1246 2530 δὲ
1283 2453 1334 2535 ds⁴

202 2574 362 2658 Ἀκύλας
384 2578 440 2656 τοῦ
466 2569 623 2682 ἀλείφοι
652 2574 850 2681 ἡγιασμένοι
882 2574 1094 2678 ἡγιασμένοι
1122 2576 1305 2681 ἐξέδωκεν,

202 2698 362 2799 οἰήσεται
394 2699 460 2798 μέν
486 2736 541 2786 τις
566 2700 631 2782 τὸν
658 2698 775 2782 πάλαι
805 2699 906 2803 παρὰ
928 2701 1111 2783 Ἰουδαίοις
1138 2700 1303 2804 ἀρχιερέα

202 2827 413 2924 δηλοῦσθαι,
450 2833 523 2906 τῶν
559 2826 625 2926 μέν
660 2824 801 2933 11τούτῳ
836 2825 1113 2924 ῦπαβεβηκότων
1149 2831 1305 2905 πολλῶν

295 2963 451 3026 faurdom.
467 2971 500 3027 P.
582 2971 660 3028 ἔτδν
672 2967 733 3042 που]
748 2969 796 3024 τδῦ
811 2969 840 3026 S.
922 2964 1050 3044 1ἰὀιίτφ]
1067 2971 1160 3024 τοῦτον
1173 2969 1206 3025 Ρ.

200 3101 299 3152 mento
326 3096 486 3154 constabit:
518 3115 585 3154 nam
610 3097 758 3172 usquead
784 3105 914 3174 tempora
941 3099 1098 3157 Salvatoris
1124 3096 1224 3163 nostri,
1254 3099 1302 3173 qui

201 3175 291 3232 sancti
312 3185 475 3234 sanctorum
496 3177 644 3252 pontifices
665 3186 747 3235 erant
760 3178 837 3253 apud
852 3179 1004 3244 Hebraeos,
1016 3179 1037 3235 ii
1050 3179 1217 3237 ceremoniis
1231 3197 1302 3254 quas
1326 3209 1328 3216 ν

200 3271 237 3311 ex
258 3255 390 3313 Mosuicu
412 3256 478 3332 lege
501 3265 631 3332 acceptas
658 3258 810 3315 servabunt
832 3259 1029 3334 ungebantur:
1062 3258 1114 3316 sed
1136 3259 1166 3316 hi
1188 3277 1301 3333 quoque

199 3334 329 3408 posthac,
344 3336 416 3393 sicut
430 3336 578 3411 prophetia
591 3337 770 3411 predixerat,
785 3336 924 3394 defecere.
959 3337 1058 3412 Itaque
1071 3338 1147 3413 quod
1160 3338 1197 3395 ab
1209 3338 1300 3395 Jacob

200 3413 237 3470 ad
249 3415 355 3472 Judam
368 3417 513 3474 oraculum
527 3418 708 3474 enmciatum
722 3425 775 3482 est,
790 3417 946 3474 secundum
959 3436 1003 3482 ea,
1018 3435 1080 3491 que
1095 3417 1173 3490 prius
1186 3434 1204 3471 a
1216 3416 1299 3473 nobis

200 3494 331 3569 exposita
352 3504 427 3562 aunt,
446 3496 573 3554 Judsicte
594 3497 690 3572 gentis
708 3495 811 3553 ducum
832 3496 1044 3571 principumque
1063 3495 1206 3552 defectum
1226 3494 1297 3551 divi·

198 3573 295 3631 nabat.
337 3573 396 3632 Sed
415 3576 548 3650 quonium
567 3576 770 3651 prophetarum
783 3583 813 3632 et
826 3576 1015 3640 sacerdotum,
1030 3575 1078 3650 qui
1097 3574 1205 3652 populo
1225 3592 1297 3647 prae·

199 3661 291 3718 erant,
307 3655 480 3729 jampridem
500 3656 593 3713 honor
613 3656 716 3714 dilatus
732 3655 833 3720 fuerat,
853 3655 951 3712 ordine
974 3655 1107 3728 deinceps
1128 3670 1232 3718 sermo,
1249 3653 1298 3710 ubi

198 3731 345 3790 interitum
365 3734 491 3792 Judaicoe
513 3735 608 3810 gentis
632 3735 736 3792 ducum
759 3743 790 3792 et
812 3735 972 3810 principum
998 3735 1051 3792 sub
1073 3735 1168 3808 ipsum
1189 3732 1298 3790 Christi

199 3813 352 3890 adventum
372 3831 424 3888 per
444 3833 507 3870 eam
531 3833 593 3889 quaa
617 3815 695 3888 prius
721 3814 861 3872 citabatur
881 3815 1059 3890 prophetiam
1079 3811 1217 3888 predixit,
1244 3831 1298 3887 per

199 3909 262 3950 eam
283 3909 346 3966 quae
363 3911 440 3951 nuuc
460 3893 490 3950 in
510 3893 640 3951 manibus
660 3901 713 3959 est,
728 3901 758 3951 et
777 3895 979 3969 prophetarum
998 3902 1028 3952 et
1045 3893 1234 3959 secerdotum,
1249 3894 1297 3969 qui

198 3971 267 4029 olim
294 3972 369 4047 apud
395 3973 459 4031 illos
484 3973 633 4040 florebant,
660 3973 801 4031 defectum
823 3975 906 4048 plane
930 3974 1082 4050 significat,
1103 3981 1239 4048 tanquam
1266 3973 1297 4029 hi
1320 4013 1322 4018 -

198 4069 309 4126 quoque
325 4053 373 4110 nbi
387 4052 520 4112 Christus
541 4053 701 4112 advenisset
720 4054 858 4112 defecturi
878 4062 982 4119 essent,
998 4053 1076 4128 quod
1096 4052 1210 4127 quidem
1223 4052 1301 4110 vati-1

198 4131 303 4188 oinium
317 4131 474 4192 salvatoris
494 4135 586 4192 nostri
606 4134 744 4192 adventus
762 4153 793 4190 re
813 4133 875 4207 ipsa
894 4133 1097 4208 comprobavit.
1139 4131 1215 4200 Quia
1228 4151 1296 4190 vero

197 4211 310 4286 Aquilo,
325 4213 364 4268 ud
382 4216 533 4290 stupendum
553 4215 753 4288 sacruficatum
768 4215 1009 4288 eoncuficctorum,
1023 4213 1225 4287 interpretetus
1242 4221 1295 4278 est,

197 4308 230 4346 ex
249 4309 286 4348 eo
307 4291 408 4368 aliquis
429 4293 615 4368 suspicabitur
628 4300 754 4350 veterem
766 4292 932 4351 Judoeorurn
945 4291 1109 4367 pontificem
1129 4291 1295 4367 designari:

726 4389 813 4445 aka
