3144 4720
262 239 328 302 s10
708 239 894 306 busson
1341 241 1508 323 p.406-

262 405 356 503 ἡμᾶς
378 404 503 489 αύτούς
521 407 724 513 ὀφθαλμοῖς
749 414 975 510 παραλαβεῖν
999 409 1130 500 βουσὶν
1156 406 1363 510 ἀρούμενον,

261 533 321 610 καὶ
338 530 664 636 καταοπειράμενον
682 531 745 613 τὸν
762 533 884 614 τύπον·
915 535 938 634 ἡ
959 533 997 614 δὲ
1014 533 1253 635 Ἰερουσαλὴμ
1271 533 1362 633 aba)

262 657 311 739 ὡς
333 657 634 762 ύπωροφυλάκιον
657 664 720 757 τῆς
746 662 785 738 ἐν
812 660 901 764 αι’πῇ
929 666 1087 743 παλαιᾶς
1114 659 1257 762 ἀπάρας
1280 663 1357 738 δια-

262 783 460 884 φθαρείσης
478 785 613 886 γέγονε,
631 793 777 882 μᾶλλον
801 784 839 866 δὲ
867 793 915 870 εἶς
938 787 1161 887 λιθολογίαν,
1180 785 1271 866 κατά
1294 785 1361 884 τὴν

225 907 458 1010 ιιῈβραῖκήν
491 910 705 1013 ἀνάγνωσιν.
763 915 812 992 Ὁ
845 921 934 1012 γοῦν
968 913 1128 997 Ἀκύλας
1164 916 1269 1020 φησὶ,
1302 909 1361 993 lab
1372 952 1404 987 10

260 1037 351 1114 τούτο
370 1033 467 1144 χάριν
486 1035 574 1141 ὁμοῖν
593 1035 676 1122 Σάιν
697 1038 793 1147 χεῖρα
819 1038 1095 1146 ἀριπριαθήσεται,
1119 1047 1177 1120 καὶ
1195 1040 1393 1144 ‘leporem-d

259 1157 334 1264 λῖιμ
352 1159 657 1264 λιθολιγηθήτετιιι,
678 1162 746 1242 ὑπὸ
765 1163 837 1266 γάρ
859 1166 1085 1272 ἀλλοφύλων
1106 1169 1246 1268 ἀνδρῶν
1269 1201 1357 1245 κατ-

260 1293 460 1368 οικισθεῖσα
478 1287 585 1368 εῖσέτι
602 1293 662 1369 καὶ
679 1286 838 1392 σήμερον
858 1297 1109 1394 λιθολογεῖται,
1119 1291 1264 1373 πάντων
1280 1294 1357 1370 καθ

260 1413 350 1512 ἡμᾶς
378 1413 504 1498 αύτούς
531 1422 604 1494 τῶν
632 1415 699 1516 τὴν
725 1415 833 1496 πόλιν
864 1418 1054 1498 οἰκούντων
1082 1419 1164 1501 τούς
1191 1418 1262 1498 ἀπὸ
1294 1423 1384 1519 τῆςε

258 1541 431 1623 πτώσεως
450 1540 557 1638 αὐτῆς
575 1541 698 1624 λίθους
717 1543 989 1644 ἀναλεγομένων
1007 1543 1054 1626 εἴς
1079 1578 1117 1622 τε
1141 1542 1186 1624 rui
1211 1543 1283 1623 ἰ’δια
1300 1547 1358 1623 καὶ

221 1663 359 1744 ιικοινά
377 1669 434 1744 καὶ
453 1663 610 1764 δημόσια
627 1666 901 1766 οῖκοδομήματα.
948 1670 1020 1746 Καὶ
1038 1668 1139 1747 ἔστιν
1156 1669 1358 1774 ὀφθαλμοῖς

258 1797 484 1894 παραλαβεῖν
502 1792 718 1894 σκυθρωπὸν
737 1793 861 1890 θέαμα,
876 1791 960 1875 τούς
976 1792 1021 1898 ἐξ
1035 1795 1144 1872 αὑτοῦ
1161 1801 1245 1872 ιιτοῖν
1263 1797 1358 1896 ἱεροῦ

258 1919 317 1994 καὶ
341 1917 457 1996 αὐτῶν
481 1923 553 1995 τῶν
576 1915 691 1996 πάλαι
716 1916 854 1996 ἀδύτων
876 1920 934 1996 καὶ
957 1917 1070 2018 ἁγίων
1091 1919 1214 2002 λίθους
1239 1923 1288 2000 εὶς
1312 1917 1402 1999 reiro

257 2048 330 2121 τῶν
348 2042 505 2122 εἰδώλων
522 2042 647 2142 τεμένη
663 2042 711 2125 εἷς
729 2075 766 2120 τε
786 2039 831 2120 τά
849 2049 921 2120 τῶν
939 2041 1134 2141 πανδήμων
1151 2042 1358 2141 ιθεαμάτων

257 2167 584 2267 κατασκευάσματα
603 2171 896 2266 ἀπειλημμένους·
918 2165 968 2246 ὧν
987 2169 1097 2252 οὕτως
1116 2171 1272 2271 ἐναργῶς
1285 2177 1359 2251 τοῖς

256 2301 371 2376 πᾶσιν
399 2294 597 2398 ὁρωμένων,
619 2297 677 2373 καὶ
702 2297 722 2373 ὁ
747 2293 865 2378 καινὸς
893 2295 1000 2392 νόμος
1028 2298 1086 2375 καὶ
1111 2296 1221 2396 λόγος
1246 2298 1266 2374 ὁ
1294 2299 1357 2392 τῆς

258 2423 378 2517 καινῆς
397 2427 460 2498 τοῦ
479 2423 645 2521 Σωτῆρος
663 2419 764 2516 ἡμῶν
781 2421 905 2519 Ἰησοῦ
924 2429 987 2498 τοῦ
1006 2425 1170 2522 Χριστοῦ
1190 2420 1357 2519 διαθήκης
1368 2462 1396 2512 ις

220 2545 386 2624 ιιε’κεῖθὲν
411 2551 522 2624 ποθεν
547 2542 736 2646 προελθὼν
761 2549 871 2642 δῆλος
897 2543 943 2624 ἀν
968 2544 1032 2646 εἴη.
1091 2548 1175 2650 Ἐφ’
1196 2542 1225 2651 ᾧ
1250 2546 1397 2645 μυρίαρ.
1408 2574 1471 2638 407

257 2668 382 2772 πλήθη
400 2677 510 2766 λαῶν,
529 2670 612 2769 ἔθνη
630 2703 670 2749 τε
694 2677 846 2750 παντοῖα
870 2677 943 2749 τῶυ
963 2673 1123 2774 πατρίων
1148 2669 1360 2752 ἀποστάντα

258 2801 362 2876 Θεῶν
388 2797 447 2874 καὶ
474 2801 538 2894 τῆς
564 2803 722 2880 παλαιᾶς
750 2799 1007 2896 δεισιδαίμονος
1034 2797 1186 2897 πλάνης,
1210 2797 1274 2878 τὸν
1301 2800 1358 2878 ἐπὶ

563 2975 580 3006 ῑῑ
594 2971 641 3021 τοῦ
654 2985 708 3024 om.
724 2969 754 3022 S.
837 2977 852 3009 ¹
867 2969 1002 3038 θαυμάτων
1017 2971 1046 3026 S.

256 3092 460 3166 inspexerimus
481 3093 568 3149 boum
593 3112 679 3168 opere
700 3095 795 3152 locum
818 3103 847 3153 et
869 3096 942 3153 arari
963 3105 993 3154 et
1015 3096 1159 3154 seminari.
1202 3097 1268 3171 Ipse
1289 3115 1359 3154 vero

257 3172 436 3229 Hierusalem
450 3179 585 3246 tunquam
598 3193 747 3248 pomorum
762 3176 900 3240 custodie.
915 3185 1049 3252 corrupto
1063 3185 1161 3234 vetere
1179 3178 1225 3252 qui
1246 3177 1276 3234 in
1297 3177 1359 3252 ipss

256 3260 318 3310 erut
331 3251 434 3317 fructu
449 3253 550 3311 effectu
563 3263 615 3317 est.
631 3273 663 3312 ue
677 3255 771 3330 potius
791 3256 916 3330 lepidum
937 3258 1075 3324 collectio,
1091 3257 1164 3314 sicut
1178 3257 1207 3314 in
1221 3266 1359 3314 contextu

258 3332 400 3391 Hebraico
420 3334 534 3408 legitur.
588 3333 636 3393 Sic
656 3336 732 3392 enim
755 3336 858 3411 Aquila
881 3339 1030 3402 convertit,
1055 3340 1160 3395 idcirco
1178 3346 1294 3413 propter
1312 3357 1359 3394 uos

258 3415 326 3472 Sion
340 3421 413 3471 terra
426 3415 551 3472 arabitur
564 3424 589 3472 et
603 3419 637 3472 de
652 3415 826 3473 Hierusalem
842 3417 946 3492 lapides
959 3419 1132 3493 collipeutur.
1169 3418 1219 3474 Ab
1233 3417 1359 3474 externis

256 3495 333 3552 enim
354 3494 515 3552 hominibus
537 3495 664 3553 habitata
689 3496 773 3552 hodie
798 3516 909 3570 qnoque
930 3497 1038 3572 lapides
1058 3498 1220 3573 legentibus
1240 3498 1357 3572 praebet,

258 3594 344 3649 quum
358 3593 457 3634 omues
472 3577 519 3649 qui
533 3577 638 3633 uostris
651 3577 827 3650 temporibus
842 3595 905 3634 eom
920 3578 1018 3636 urbem
1033 3579 1160 3636 incolunt
1179 3578 1268 3634 ruinae
1283 3577 1359 3634 illius

255 3655 363 3731 lapides
384 3657 519 3730 colligent
533 3665 592 3713 tem
613 3657 648 3713 de
664 3656 790 3731 privatis,
809 3676 893 3732 quam
916 3658 951 3714 de
972 3659 1169 3715 communibus
1190 3668 1219 3715 et
1238 3658 1358 3734 publicis

256 3735 397 3793 edificiis:
421 3746 449 3794 et
473 3737 538 3793 iicet
559 3736 647 3793 oculis
667 3737 859 3794 tristissimum
884 3739 1074 3813 spectaculum
1100 3737 1212 3803 intueri,
1236 3757 1272 3795 ex
1295 3739 1357 3812 ipso

256 3817 364 3891 templo
380 3825 409 3873 et
422 3836 454 3874 ex
470 3816 537 3891 ipsis
552 3816 694 3890 quondum
710 3816 810 3890 adytis,
825 3827 855 3874 et
868 3837 904 3874 ex
925 3819 959 3874 iis
981 3838 1043 3892 quae
1063 3829 1161 3875 snnctn
1175 3819 1357 3883 vocabantur,

256 3895 365 3972 lapides
392 3915 444 3970 pro
474 3897 707 3954 simulachrorum
732 3896 814 3963 funis,
837 3917 945 3972 proque
973 3899 1150 3973 spectaculis,
1175 3917 1230 3973 qno
1257 3917 1358 3954 omues

258 3975 353 4049 populi
374 3986 553 4042 concurrunt,
568 3976 740 4034 aedificnndis
761 3978 875 4044 assumi,
891 3997 953 4053 qnae
975 3998 1061 4052 quum
1076 3979 1147 4035 adeo
1162 3978 1307 4035 evidenter
1321 3979 1357 4035 ab

259 4054 391 4110 omnibns
406 4064 565 4121 cernantur,
581 4057 657 4132 quod
670 4076 744 4113 nove
757 4057 825 4114 item
840 4058 897 4122 lex,
912 4059 1043 4132 quodque
1058 4077 1162 4115 novum
1181 4058 1246 4116 novi
1261 4077 1279 4114 α
1293 4057 1355 4114 Sal-

258 4141 357 4189 satore
371 4141 469 4189 nostro
482 4135 551 4192 lesu
569 4137 684 4192 Christo
703 4137 809 4194 conditi
830 4137 993 4195 testamenti
1007 4139 1124 4196 verbum
1143 4138 1219 4194 illinc
1241 4138 1357 4194 omnino

259 4210 416 4283 profectum
431 4211 477 4272 sit,
493 4230 560 4268 sune
574 4215 741 4273 constiterit.
785 4218 1021 4290 Quandoquidem
1035 4217 1253 4275 innumerabiles
1266 4235 1355 4291 popu-

258 4287 349 4341 lorum
376 4295 540 4354 conventus,
563 4291 710 4362 omnisque
731 4296 843 4366 generis
865 4297 1002 4360 notiones,
1026 4298 1130 4354 relictis
1156 4297 1208 4352 diis
1229 4297 1355 4372 ipsorum
