3042 4704
1486 47 1498 90 t

263 247 328 311 ess
710 243 896 310 sussen
1340 257 1485 326 Μω-

262 411 489 516 ΙΙοἰσύγχυτος
513 417 570 492 καὶ
597 413 780 498 ἀθόλωτος
808 419 846 494 ἐν
868 420 914 519 τῇ
935 414 1095 518 τοσαύτῃ
1118 421 1192 491 τῶν
1215 420 1390 515 σαρκῶνο

263 539 426 645 κοινωνίᾳ
453 541 641 638 διαμείνας,
659 548 804 638 μᾶλλον
825 540 864 621 δὲ
891 541 1085 638 ἀσώματος
1113 541 1170 618 καὶ
1195 539 1275 619 τότε
1304 537 1365 635 ῶν,

264 660 327 742 καί
347 663 492 744 πάντων
513 665 695 769 ε’λεύθερος
721 673 878 766 δεσμῶν·
908 668 1021 751 οὕτως
1043 665 1082 745 δέ
1103 666 1164 745 ἒιτί
1188 700 1233 745 σε
1258 669 1359 768 hrep-

262 793 372 894 ρίφην
400 793 439 870 ἐκ
466 791 614 895 μήτρας,
640 796 697 874 καὶ
725 791 797 874 ἀπὸ
825 791 987 895 γαστρὸς
1013 790 1148 894 μητρὸς
1176 792 1269 875 θεός
1294 823 1386 890 μουε

262 914 371 1015 ἦσθα,
391 920 439 1001 ὡς
456 919 666 998 θαἰσθέσθαι
691 922 755 1017 τῆς
780 922 865 1017 ἐμῆς
887 917 1067 1016 δυνάμεως
1088 917 1139 996 ἔτι
1162 924 1359 1021 κυοφορου-

262 1041 369 1143 μὲνης
397 1041 489 1146 πρὸς
518 1047 581 1142 τῆς
611 1044 715 1144 ἁγίας
743 1045 922 1145 παρθένου
949 1041 1013 1124 τὸν
1042 1040 1128 1140 ε’μδν
1159 1041 1364 1145 πρόδρομον

264 1170 433 1268 Ὶωόννην
452 1173 509 1248 καὶ
534 1169 644 1249 αὐτὸν
665 1169 756 1248 κατὰ
774 1167 935 1272 γαστρός
950 1174 1014 1268 τῆς
1033 1165 1251 1270 withsand&
1274 1203 1356 1246 κυο·

263 1296 495 1402 φορούμενον,
524 1293 619 1376 ὥστε
657 1293 726 1374 ὑπὸ
758 1301 822 1394 τῆς
854 1299 940 1395 ἐμῆς
977 1294 1144 1394 θεότητος
1179 1293 1402 1393 κινηθῶταιο
1500 1355 1501 1362 1

262 1426 456 1524 σκιρτῆσαι
483 1424 520 1500 ἐν
550 1417 780 1521 ἀγαλλιόσει,
807 1425 865 1502 καὶ
896 1424 1103 1519 Πνεύματος
1131 1422 1234 1522 ἁγίου
1259 1430 1359 1518 πλη-

262 1552 405 1647 σθῆναι.
464 1547 612 1628 Τούτων
638 1549 700 1626 οὖν
724 1547 894 1628 ἁπάντων
922 1548 1109 1652 ἀναφέρων
1126 1546 1192 1645 τὴν
1209 1545 1391 1645 μνήμην,δ

222 1697 251 1745 ⁶1
263 1677 321 1754 erni
340 1673 397 1752 dui
414 1673 548 1757 παντὸς
562 1671 626 1752 τὸν
644 1672 740 1754 Θεόν
761 1708 832 1771 μου
859 1676 916 1753 καὶ
941 1674 1079 1776 πατέρα
1102 1706 1173 1769 μου
1196 1669 1268 1774 πρὸ
1291 1679 1365 1750 τῶν

262 1803 356 1896 ἐμῶν
383 1801 585 1904 ὀφθαλμῶν
612 1797 800 1896 τιθέμενος,
828 1800 970 1881 εἰκότως
1001 1801 1059 1876 καὶ
1092 1795 1184 1876 κατὰ
1209 1795 1274 1875 τὸν
1303 1799 1362 1874 ε’ν-

262 1931 402 2003 εστῶτα
426 1932 489 2003 τοῦ
512 1920 736 2026 περιίχοντός
758 1957 801 2019 με
828 1920 965 2005 πόθους
990 1921 1122 2025 καιρὸν,
1142 1921 1199 2001 ὅτε
1225 1925 1288 2000 σοὶ
1313 1928 1366 2028 τῷ

262 2052 371 2151 πατρὶ
402 2047 589 2151 γενόμενος
617 2044 771 2145 ι’τιιήκοος
798 2047 999 2149 αὐθαίρετος
1027 2049 1085 2125 καὶ
1115 2045 1205 2126 ἑκὼν
1234 2045 1383 2149 γε’γιιιιε

262 2173 411 2279 σκύληξ,
426 2178 486 2254 καὶ
508 2180 565 2253 οὐκ
581 2170 756 2280 ἅνθρωπος,
770 2167 884 2256 irrides
902 2169 1071 2275 ἀθροίσων
1086 2179 1145 2252 καὶ
1166 2169 1363 2278 ἕξονδέιημιι

262 2301 360 2378 λαοῦ·
390 2301 448 2377 καὶ
476 2306 539 2377 νῦν
566 2297 624 2378 ὅτε
649 2298 780 2380 πάντες
807 2301 840 2376 oi
862 2297 1073 2398 θεωροῦντες
1091 2333 1161 2395 μου
1185 2296 1228 2376 τὸ
1254 2304 1362 2394 σῶμα

261 2427 313 2526 τῷ
329 2427 476 2527 σταυρῷ
492 2420 798 2524 προσηλούμενον,
812 2421 1054 2524 ἅποτρόπαων
1069 2422 1257 2523 ἡγούμενοι
1273 2424 1362 2523 όρᾶν

261 2553 421 2649 πρᾶγμα,
440 2545 719 2654 ἐξεμυκτήρισόν
743 2581 798 2644 με,
817 2545 999 2646 τοσαύτην
1022 2549 1097 2625 κατ’
1117 2548 1203 2644 ἐμοῦ
1227 2547 1361 2650 χλεύην
1372 2581 1401 2614 ιο

264 2675 321 2753 καὶ
353 2673 550 2775 διασυρμὸν
581 2672 821 2776 καταχέοντες,
852 2676 901 2756 ὡς
931 2670 982 2771 μὴ
1013 2669 1123 2768 μόνον
1152 2674 1192 2750 ἐν
1224 2674 1362 2776 διανοίᾳ

305 2863 485 2939 Ι)ιίσύ·ρχητος
498 2868 527 2922 S.
610 2863 779 2921 calcassent
789 2887 821 2936 με
836 2865 895 2920 ΕΙ).
912 2865 1029 2920 PARIS.
1045 2873 1072 2920 et
1086 2865 1124 2919 sio
1139 2865 1202 2921 RS.
1274 2861 1361 2918 ιιε’λι-

265 2946 355 3026 ζαβὲθ]
370 2947 490 3014 ε’λιζαθίτ
505 2948 532 3002 S.

264 3096 344 3144 tanto
356 3090 611 3149 communicatione
625 3091 752 3164 corporei
765 3089 861 3146 oneris
875 3089 1105 3164 permansissem,
1116 3107 1149 3146 so
1162 3089 1258 3163 potius
1268 3090 1361 3146 insor-

264 3185 366 3242 poreus
384 3176 453 3225 tune
477 3188 588 3244 quoque
613 3171 724 3235 fuerim,
746 3179 776 3226 et
796 3171 833 3226 ab
854 3170 985 3227 omnibus
1006 3170 1125 3227 vinculis
1148 3170 1229 3226 liber.
1272 3171 1362 3227 Porro

264 3257 361 3320 sutem
372 3248 413 3305 sio
426 3249 453 3305 in
469 3257 498 3307 te
511 3251 654 3325 projectus
669 3269 731 3307 sum
745 3269 778 3307 ex
793 3259 883 3314 utero.
899 3250 983 3308 etsie
1000 3251 1036 3307 de
1050 3259 1149 3307 ventre
1170 3250 1270 3306 metris
1290 3269 1361 3307 mere

264 3329 343 3386 Deus
358 3349 437 3386 meus
451 3349 482 3387 es
496 3339 537 3399 tu,
552 3340 584 3388 ut
597 3349 692 3388 meam
706 3333 838 3387 virtutem
860 3349 945 3404 quum
967 3330 1060 3388 adhuc
1080 3331 1109 3386 in
1123 3337 1204 3386 utero
1218 3349 1237 3386 ο
1250 3331 1362 3404 virgine

264 3419 362 3468 aneta
382 3419 511 3486 gestarer
527 3430 606 3468 meus
626 3429 737 3484 quoque
754 3411 815 3484 jem
835 3418 895 3467 turn
918 3411 1038 3468 senserit
1053 3429 1210 3485 praeonrsor
1222 3410 1359 3474 Josnnes.

264 3491 311 3565 qui
334 3492 418 3548 etism
441 3491 501 3564 ipse
526 3492 556 3547 in
580 3498 661 3547 utero
686 3491 813 3548 Elisabet
840 3491 1014 3565 gestabatur,
1038 3509 1125 3564 usque
1148 3490 1218 3546 odeo
1242 3499 1274 3546 ut
1298 3509 1362 3547 mee

264 3571 409 3628 divinitate
423 3572 551 3628 concitus
564 3571 738 3628 exultatione
752 3570 882 3634 exilierit
896 3579 926 3628 et
940 3571 1046 3645 Spiritu
1061 3579 1160 3628 sancto
1173 3569 1298 3644 repletus
1312 3572 1358 3626 sit.

265 3651 335 3708 Heeo
355 3651 444 3726 igitur
463 3662 566 3708 concta
586 3651 622 3708 sd
643 3651 808 3707 memoriam
827 3669 972 3714 revocans,
988 3661 1017 3708 et
1031 3651 1108 3707 omni
1123 3659 1251 3725 tempore
1265 3651 1359 3708 Deum

263 3750 357 3789 meum
372 3740 401 3787 et
414 3740 523 3806 petrem
541 3749 636 3788 meum
657 3739 724 3787 ente
744 3731 842 3787 oeulos
863 3731 932 3787 mihi
947 3731 1131 3796 constituens,
1148 3731 1249 3788 merito
1263 3740 1293 3787 et
1307 3731 1359 3786 sub

262 3811 353 3884 ipsum
369 3812 478 3869 instans
492 3811 757 3885 comprehendentis
771 3829 817 3866 me
830 3811 969 3884 passionis
982 3821 1105 3886 tempus,
1120 3829 1205 3885 quum
1220 3811 1271 3867 tibi
1284 3811 1359 3886 petri

262 3890 353 3948 fuctus
374 3892 518 3959 obediens,
541 3899 642 3964 sponte
664 3899 694 3947 et
706 3891 805 3947 volens
827 3891 937 3964 effectus
953 3909 1012 3947 ιιιοι
1033 3893 1130 3949 onmis
1151 3900 1177 3948 st
1196 3909 1249 3948 ιιοιι
1270 3891 1358 3954 λοσιο,

262 3973 431 4040 opprobrium
448 3971 582 4028 λοιιιίιιιιοι
595 3979 622 4027 et
641 3971 757 4040 abjectio
770 3973 887 4046 popuii:
910 3980 939 4028 et
953 3989 1028 4027 nuno
1045 3989 1132 4045 quum
1151 3989 1250 4028 omnes
1264 3989 1357 4027 meum

188 4077 191 4082 ·
261 4048 337 4100 eruci
358 4051 470 4105 affixum
492 4069 595 4121 corpus
609 4050 745 4115 videntes,
761 4051 828 4107 dum
849 4069 910 4108 rem
931 4061 960 4107 et
976 4051 1140 4126 fugiendam
1159 4061 1189 4108 et
1202 4051 1358 4108 ominosam

260 4129 360 4190 putant
375 4141 406 4176 se
420 4126 523 4184 videre.
538 4145 585 4182 me
606 4130 859 4193 subsannaverunt,
875 4138 984 4186 tentum
999 4132 1148 4186 adversum
1164 4151 1209 4188 me
1223 4131 1357 4188 irrisionis

259 4203 424 4281 tentumque
449 4201 632 4258 detractionis
650 4207 801 4277 jactantes,
825 4215 857 4263 ut
881 4209 984 4264 deme
1009 4227 1067 4265 non
1089 4211 1176 4266 modo
1199 4211 1357 4284 cogitantes

259 4277 491 4324 retroornsrentur
515 4277 666 4350 animoque
689 4293 833 4340 versarent
858 4286 975 4352 nefaria,
1000 4287 1051 4342 sed
1079 4289 1219 4362 intrepide
1247 4307 1357 4362 quoqne
