3120 4716
258 238 324 304 οοο
707 239 892 305 nusuuu
1339 259 1503 326 μμ-

259 403 443 497 βλέπιντετ
474 405 521 511 μῆ
550 406 725 498 βλέπωσι,
759 417 819 488 καὶ
850 408 1020 492 ἀκούοντες
1048 407 1096 513 μῆ
1125 408 1285 499 ἀκούωσι,
1314 413 1363 512 μή

234 567 342 617 ιποτε
359 528 604 638 ἐπιττρὲφωσι,
620 537 677 611 καὶ
697 532 871 638 ’ίιίσωραι
892 533 1023 620 αὐτοός.
1053 535 1150 615 Τότε
1168 534 1362 634 ἐπληριόθη

256 657 310 735 ἐπ’
331 659 448 739 αὐτοῖς
475 657 497 754 ἡ
525 659 725 763 προφητεία
748 659 908 738 Ἡσαΐου
936 661 958 759 ἦ
986 659 1159 761 λέγουσα,
1184 659 1360 768 wopaina,

258 790 317 863 noti
337 781 427 862 εἷπον
445 782 491 888 τῷ
510 793 589 889 λαῷ
606 783 721 891 τούτῳ,
742 791 826 896 aino}
843 783 1013 875 ἀκοθσετε,
1036 792 1096 866 καὶ
1118 783 1214 890 οόμῆ
1235 785 1360 878 συνῆτε,
1374 823 1405 858 ¹0

256 912 314 988 καὶ
332 907 379 986 τὰ
397 909 532 992 τούτοις
550 909 644 1014 ἑξῆς.
675 908 857 1012 Ἐπιτήρει
871 908 909 988 δέ
922 911 1002 988 τίνα
1015 909 1148 1012 τρόπον
1164 910 1362 1009 όἹωόννης

256 1033 378 1134 ἐπάγει
406 1034 536 1134 λέγων,
564 1038 674 1114 emim
701 1033 791 1116 εἶπεν
813 1035 977 1130 Ἠσαίας,
1006 1035 1057 1114 ’ότι
1087 1031 1152 1116 εἴθε
1183 1037 1236 1129 τῆν
1261 1032 1361 1144 θόξαν

257 1161 368 1248 edred,
391 1162 451 1238 rai
481 1159 631 1253 ἑλόλησε
658 1169 731 1265 περὶ
761 1163 872 1250 αὑτοῦ,
893 1163 940 1242 ὡς
968 1160 1032 1240 τὸν
1058 1161 1225 1266 Χριστὸν
1251 1165 1358 1264 ἐωρα

257 1283 360 1366 κότος
383 1289 441 1363 καὶ
462 1281 527 1384 τῆν
550 1291 715 1387 Χριστοῦ
743 1285 854 1390 δόξαν
872 1295 936 1365 τοῦ
960 1285 1150 1391 προφήτου
1178 1285 1270 1366 κατὰ
1294 1285 1362 1386 τὴν

258 1413 449 1506 ὀπτασίαν,
472 1413 509 1489 ἐν
534 1407 558 1514 ᾗ
581 1411 728 1516 ἔφησεν,
757 1411 787 1490 εί
807 1449 837 1490 ον
862 1411 913 1491 τὶν
940 1411 1048 1517 Κύριον
1075 1411 1228 1503 sedati
1254 1412 1481 1504 ›zadi-pens

235 1571 349 1639 ,μενοι
368 1537 423 1614 ἐπὶ
444 1532 539 1643 θρόνου
558 1531 694 1638 όφηλοῧ
715 1540 774 1613 καὶ
796 1535 980 1639 ἐπηρμέιου,
1001 1540 1059 1614 καὶ
1083 1537 1128 1614 τὰ
1152 1538 1245 1642 ἑξῆς.
1295 1539 1361 1622 Τίς

256 1663 287 1738 d'
317 1663 381 1740 οὐκ
410 1658 455 1738 ἂν
486 1662 679 1761 ἐκπλαγείη
714 1659 781 1758 τῆν
817 1658 1029 1764 πρόρρησιν,
1058 1665 1215 1763 ἐναργῶς
1249 1665 1360 1746 οὕτως

256 1787 364 1865 εἲσέτι
384 1793 446 1864 νῦν
471 1788 565 1886 ὁρῶν
583 1792 655 1864 τῶν
672 1788 712 1864 ἐκ
728 1791 920 1886 περιτομῆς
938 1786 1004 1886 τῆν
1022 1792 1071 1870 είς
1090 1786 1254 1888 Χριστὸν
1271 1792 1383 1871 ότι-ς

256 1912 390 2007 στίαν;
422 1913 480 1989 καὶ
507 1908 622 1990 πόλοι
643 1911 709 2008 μὲν
736 1909 807 2011 γὰρ
832 1913 1126 2013 ἐνανθρωποῦντα
1152 1917 1210 1991 καὶ
1238 1947 1355 2017 παρο-

256 2035 512 2142 δοξοτοιοῦντα
531 2038 568 2114 ἐν
586 2038 703 2120 αὐτοῖς
723 2039 872 2139 ὁρῶντες
886 2037 1003 2133 αὐτόν,
1019 2042 1224 2141 ὀφθαλμοῖς
1238 2043 1360 2143 ψυχῆς

182 2221 186 2230 -
255 2165 313 2240 καὶ
332 2162 486 2244 διανοίας
504 2159 664 2256 ὄμμασιν
683 2163 746 2241 οὐκ
769 2165 929 2258 ἐθεῶντο,
948 2163 1033 2242 οὐδέ
1046 2196 1098 2246 τις
1117 2161 1162 2261 ἦν
1186 2164 1224 2242 ἐν
1241 2165 1359 2247 αὐτοῖς

258 2293 381 2388 νοερᾶς
404 2285 630 2384 ἐνθυμήσεως
653 2285 778 2390 ὅρασις
801 2292 848 2369 είς
865 2285 907 2367 τό
934 2288 1092 2367 συνιέναι
1121 2291 1176 2372 τίς
1192 2291 1271 2368 ποτ’
1290 2290 1361 2390 ἄρα
1375 2335 1403 2369 ιο

256 2408 301 2509 ἦν
329 2412 351 2510 ἡ
380 2409 426 2490 τὰ
457 2419 618 2490 τοσαῦτα
650 2416 709 2490 καὶ
740 2422 936 2510 τηλικαῦτα
967 2421 1290 2516 θαυματουργοῦσα
1321 2419 1360 2494 ἐν

234 2534 374 2616 οαῠτοῖς
392 2532 547 2630 δύναμις.
596 2533 719 2612 Ἀλλὰ
745 2537 803 2614 καὶ
830 2535 952 2618 αὐταῖς
969 2538 1090 2618 ἀκοαῖς
1107 2535 1251 2638 ῥήματα
1270 2534 1359 2637 ζωῆς

258 2659 398 2738 αι’ωνίου
412 2660 585 2765 δέξασθαι
605 2659 869 2766 κατηξιωμένοι,
882 2663 940 2739 καὶ
954 2665 1076 2768 φωνῆς
1089 2660 1209 2739 ἐνθέου
1223 2662 1392 2764 σοφίαςῐ)

257 2785 483 2887 ἀκροώμενοι,
502 2789 572 2865 ὠσὶ
596 2787 750 2868 διανοίας
774 2787 839 2865 οὐκ
860 2787 1000 2884 ἤκουον,
1019 2789 1067 2868 ὡς
1087 2785 1231 2888 ἐναργὲς
1255 2785 1360 2868 τέλος

718 2955 852 3024 'idearum
867 2955 898 3009 P.

259 3089 363 3147 tantur,
378 3089 404 3138 et
417 3100 510 3138 sanem
524 3101 574 3138 eos.
616 3082 696 3139 Tune
710 3081 851 3158 complete
865 3080 951 3137 estin
966 3080 1006 3136 eis
1021 3080 1170 3155 prophetin
1184 3079 1285 3144 Esaiae,
1297 3099 1360 3155 quie

259 3161 336 3225 dicit,
355 3161 428 3218 Vade
447 3171 474 3218 et
494 3161 537 3218 dic
553 3165 656 3236 populo
678 3163 749 3226 huic,
768 3163 866 3218 auditu
887 3161 1012 3224 audietis,
1027 3169 1054 3216 et
1075 3177 1129 3216 ιιοιι
1150 3160 1314 3234 intelliyetis,
1330 3170 1360 3217 et

259 3259 321 3315 quae
342 3250 508 3315 sequuntur.
551 3243 676 3299 Attende
690 3261 757 3299 vero
780 3241 846 3316 quid
867 3241 904 3297 eit
921 3240 997 3315 quod
1010 3239 1137 3296 Jounnee
1158 3239 1296 3315 adjungit,
1310 3241 1359 3298 ubi

259 3319 308 3386 ait,
325 3323 390 3377 Ηαο
404 3323 472 3378 unit
488 3322 595 3388 Esaiae,
612 3325 720 3396 quando
734 3325 802 3378 uidit
818 3323 935 3394 gloriam
952 3319 1018 3391 ejus,
1033 3327 1060 3375 et
1081 3319 1188 3375 Iocutus
1208 3328 1247 3375 eet
1267 3323 1300 3376 de
1320 3338 1359 3376 eo.

259 3401 346 3470 Quod
369 3420 437 3458 enne
462 3421 519 3458 nou
544 3401 626 3458 aliter
647 3401 841 3475 accipiendum
864 3409 917 3465 est,
939 3419 972 3456 ne
993 3399 1017 3455 ei
1037 3399 1183 3456 Christum
1198 3399 1360 3474 Christique

259 3482 380 3555 glorium
399 3482 538 3556 prophete
561 3482 590 3537 in
608 3501 641 3556 eu
661 3481 768 3538 visione
791 3481 900 3546 viderit,
921 3480 950 3536 in
972 3498 1028 3554 que
1048 3479 1096 3546 nit,
1122 3481 1184 3534 Vidi
1206 3478 1357 3536 Dominum

259 3560 381 3618 Sabaoth
395 3564 525 3618 sedentem
540 3564 567 3617 in
580 3563 648 3617 solio
662 3563 766 3618 excelso
780 3569 807 3617 et
819 3560 937 3624 sublimi,
952 3569 982 3616 et
996 3578 1058 3634 qum
1079 3567 1243 3632 sequuntur.
1285 3558 1361 3627 Quis

259 3650 355 3698 eutem
378 3659 436 3697 non
458 3640 612 3697 admiretur
633 3641 788 3705 oraculum,
810 3659 896 3714 quum
918 3641 1002 3697 etiem
1023 3657 1100 3696 nuuc
1120 3639 1191 3696 adeo
1214 3638 1361 3696 evidenter

259 3720 361 3778 intueri
376 3719 459 3776 licent
471 3719 490 3776 J
492 3719 582 3776 udaiei
601 3721 697 3795 populi
711 3721 847 3777 adversus
862 3719 1007 3776 Christum
1022 3718 1269 3775 incredulitatem?
1291 3737 1360 3776 nem

259 3799 327 3856 olim
349 3800 462 3876 quidem
484 3799 563 3855 illum
584 3799 729 3856 hominem
748 3801 855 3856 factum
874 3799 1062 3874 miraculaque
1079 3798 1211 3855 edentem
1233 3797 1307 3872 apud
1328 3817 1360 3856 ee

259 3879 411 3944 intuentes,
440 3879 526 3938 animi
554 3887 638 3953 etque
660 3880 853 3954 intelligentie
877 3880 964 3935 oculis
986 3897 1102 3936 cernere
1129 3897 1187 3934 nou
1215 3887 1357 3951 poterant.

258 3976 350 4032 neque
364 3960 438 4033 apud
453 3960 529 4034 ipeoe
544 3959 616 4016 ullue
630 3968 691 4017 eret
705 3961 805 4016 unimae
825 3958 1010 4034 intelligentis
1030 3957 1158 4024 intuitus,
1172 3975 1228 4031 quo
1249 3959 1359 4034 perspi.

259 4045 356 4093 cerent
375 4057 505 4112 quaenam
524 4049 599 4096 esset
617 4040 645 4096 in
667 4040 767 4096 mediis
786 4039 854 4116 ipsis
870 4039 967 4102 virtus,
982 4057 1044 4113 quae
1059 4046 1139 4096 tantu
1152 4047 1182 4095 et
1195 4046 1254 4094 tam
1269 4039 1359 4095 multe

259 4115 393 4171 miracula
416 4118 549 4174 efficeret.
592 4120 667 4186 Quin
691 4120 776 4177 etiem
799 4137 885 4193 quum
908 4119 1023 4175 nuribus
1045 4119 1132 4176 verba
1152 4117 1218 4174 vitae
1244 4125 1360 4174 aeteruae

257 4191 401 4263 percipere
422 4193 515 4249 idonei
536 4199 639 4253 redditi
660 4208 765 4263 essent,
780 4209 810 4255 et
823 4217 922 4254 vocem
938 4198 1039 4255 divium
1059 4199 1203 4273 sapientire
1217 4196 1357 4261 audirent,

259 4268 371 4323 auribus
394 4271 497 4332 mentis
520 4290 580 4328 non
601 4277 761 4344 audiebant,
786 4287 817 4334 ut
840 4278 880 4334 ein
906 4278 1038 4335 videlieet
1059 4279 1175 4354 ipsimet
1201 4276 1359 4352 prophetie
