3142 4720
64 245 193 308 —282
448 247 676 314 DEMONS'l'.
700 250 871 316 EVANG.
897 253 954 315 VI.
978 255 1023 315 16.
1240 252 1305 320 567

205 403 329 504 με’νους
347 411 587 516 προσηγορίᾳ,
599 409 661 489 τόν
674 444 713 490 τε
731 412 999 491 ἀποστείλαντα
1015 413 1149 515 Κύρων
1166 447 1300 492 παντο·

205 532 374 636 κρότορα,
392 539 451 614 καὶ
478 533 542 615 τόν
570 535 889 636 ἀποστελλόμενοι)
917 539 1105 636 ὁμώνυμον
1132 545 1184 646 τῷ
1208 542 1300 618 οίπο-
1316 577 1343 624 ¹⁵

183 661 404 744 ιστείλαντι.
435 661 529 742 Τίνα
547 663 577 740 δ
589 659 634 742 ἂν
652 663 772 765 ἕτερον
788 664 898 747 ε’ίποις
911 665 974 744 τὸν
987 665 1343 764 ἀποστελλόμενονΡ·
1357 669 1418 732 282

204 785 316 886 ἢτδν
340 785 400 868 διὰ
423 788 599 868 πλειόνων
623 789 707 888 ἡμῖν
731 790 1038 892 προηγορευμένα
1058 790 1153 872 Θεὸν
1173 791 1303 894 Λόγον,

204 913 295 1017 πρὸς
322 914 547 1018 τοῦπατρὸς
574 914 802 996 ἀπεστάλθαι
829 917 1086 1020 ὁμολογοῦντα,
1109 918 1304 1023 σαφῶςδὲ

205 1038 378 1142 εἰρηκότα
420 1043 529 1120 ierim
566 1037 660 1147 δόξης
697 1040 910 1122 ιἰπίσταλκί
939 1076 1014 1147 με,
1056 1049 1212 1143 ’δηλῶα
1249 1044 1326 1127 ὅτις

205 1165 449 1270 προϋπάρχον
475 1168 514 1244 ἐν
542 1164 632 1272 δόξῃ
659 1173 705 1271 τῇ
731 1167 832 1269 παρὰ
858 1175 909 1274 τῷ
936 1173 1046 1272 πατρὶ
1073 1168 1164 1268 μετὰ
1191 1178 1303 1250 ταῦτα

205 1295 415 1372 ἆπείτταλτο
439 1295 496 1373 ε’πὶ
521 1291 567 1371 τὰ
585 1293 669 1392 ἔθνη
687 1290 734 1372 τὰ
751 1294 1006 1375 σκυλεύσαντα
1025 1298 1125 1394 ύμᾶς·
1156 1297 1213 1376 ἐπὶ
1231 1294 1303 1399 γὰρ
1343 1331 1348 1342 ·

204 1415 251 1495 τὰ
267 1415 440 1520 πρότερον
457 1417 569 1522 ἐχθρὰ
588 1421 646 1498 καὶ
663 1418 821 1517 πολέμια
838 1429 902 1498 τοῦ
920 1429 1011 1500 λαοῦ
1029 1429 1093 1499 τοῦ
1109 1426 1204 1500 Θεοῦ
1219 1421 1302 1520 ἔθνη

204 1547 423 1628 ἀποσταλεὶς
451 1546 472 1624 ό
499 1554 563 1624 τοῦ
588 1551 683 1626 Θεοῦ
710 1545 830 1647 Λόγος
854 1548 957 1626 ταῦθ’
979 1548 1038 1651 ὑφ’
1059 1544 1184 1626 ἑαυτὸν
1208 1542 1297 1647 ι’γγοί-
1314 1583 1342 1618 ιο

204 1703 297 1770 γετο,
317 1669 523 1754 σκυλεύσας
551 1670 641 1749 αὐτοὶ
669 1669 727 1750 διὰ
751 1677 824 1749 τῶν
846 1673 955 1750 αῦτοῦ
979 1678 1160 1771 μαθητῶν,
1178 1672 1331 1756 οἵτινεςο

203 1795 299 1895 ἦσαν
316 1794 421 1898 με’ρος
440 1804 503 1874 τοῦ
525 1800 563 1876 ἐκ
583 1801 776 1899 περιτομῆς
794 1805 896 1893 λαοῦ,
916 1796 1036 1876 ὅντινα
1053 1795 1169 1878 πύλαι
1188 1832 1298 1877 κατα-

206 1921 426 2002 δεδούλωντο
449 1920 496 2000 τὰ
521 1921 604 2021 ἔθνη
628 1921 883 2002 σκυλεύσαντα
904 1922 1075 2028 αύτὸντῇ
1101 1924 1208 2030 οἰκείᾳ
1226 1922 1299 2004 1ἐὶ-

178 2049 461 2153 ιδωλολατρείᾳ.
520 2051 655 2128 “Ταῦτ’
683 2049 745 2127 οῦν
776 2053 870 2153 φησὶ
906 2052 1097 2129 πείσεσθαι
1129 2046 1175 2126 τὰ
1207 2048 1300 2148 ἔθνη,

203 2173 295 2276 ἅπερ
325 2173 545 2254 διατέθεικεν.
605 2175 670 2258 Ὡς
699 2175 770 2278 γὰρ
800 2173 864 2256 τδν
896 2172 987 2254 λαὸν
1017 2183 1080 2253 τοῦ
1110 2180 1205 2254 Θεοῦ
1238 2179 1324 2273 τῆςς

203 2299 372 2405 πατρῴας
400 2301 580 2394 εὐσεβείας
611 2300 924 2400 μεταστησάμενα,
951 2309 1074 2380 σκῦλα
1104 2307 1177 2383 τοῖς
1205 2301 1302 2384 ἰδίοις

203 2428 350 2523 δαίμοσι
377 2421 681 2525 ἀκατεστήσαντο,
705 2429 796 2508 οὕτω
820 2427 907 2508 ποτὲ
936 2430 996 2506 καὶ
1023 2425 1113 2506 αὐτοὶ
1141 2431 1205 2524 τῆς
1232 2460 1302 2505 πα-

202 2556 324 2655 τρικῆς
348 2553 640 2653 είδωλολατρείας
663 2550 754 2655 πρὸς
777 2560 850 2632 τῶν
877 2553 992 2634 πάλαι
1019 2549 1302 2634 δεδουλευκότων

202 2681 320 2764 αὐτοῖς
348 2677 687 2776 θσκυλενθήσονται,
712 2682 769 2757 καὶ
803 2676 872 2758 ῦπδ
904 2678 968 2758 τὸν
995 2677 1101 2781 ζυγὸν
1128 2682 1191 2776 τῆς
1218 2680 1298 2758 καθ’
1312 2717 1343 2751 ιο

163 2886 174 2901 ·
244 2863 404 2936 ιδηλῦντο]
422 2864 507 2932 δηλῶν
522 2864 553 2918 P.
598 2863 811 2935 Ιἐἰδωλολατρία
826 2865 854 2919 S.
870 2873 898 2918 et
912 2863 1010 2918 sicini.
1052 2860 1167 2933 ⁰Torir']
1183 2859 1254 2916 ταῦτ’
1270 2863 1302 2918 Ρ.

203 2939 218 2983 ‘¹
232 2943 426 3016 κατεστήσατο]
447 2943 640 3012 κατεστήσαντο
656 2944 687 2997 P.
894 2941 1141 3014 θσκαλευθίγσεται]
1158 2943 1300 3012 σκυλευθῆ-

203 3044 296 3076 σοντοι
310 3025 340 3080 Ρ,
358 3025 403 3096 qui
418 3041 480 3078 mox
495 3022 687 3092 μεταστήσεται
701 3032 732 3078 ut
745 3025 818 3096 vulg.

202 3167 437 3240 omnipotentem,
452 3166 573 3224 alterum
588 3186 663 3232 eum,
677 3167 725 3242 qui
746 3167 878 3234 mittitur,
894 3167 1019 3242 ejusdem
1035 3187 1149 3226 comeo
1164 3168 1211 3242 qui
1225 3167 1302 3225 misit

202 3247 335 3303 nominis.
377 3247 470 3316 Quem
493 3265 579 3320 porro
601 3247 686 3304 alium
710 3248 815 3304 dixeris
838 3267 903 3304 eum
929 3248 977 3324 qui
1000 3249 1130 3317 mittitur,
1154 3249 1208 3305 nisi
1236 3267 1300 3305 eum

203 3345 287 3400 quem
310 3335 376 3384 ante
397 3346 450 3384 nos
471 3327 597 3401 pluribus
619 3328 820 3403 appellavimus
842 3327 938 3384 Deum
960 3329 1092 3394 Verbum,
1114 3329 1161 3403 qui
1183 3349 1200 3385 a
1220 3337 1302 3403 patre

203 3407 321 3464 missum
335 3427 366 3464 aa
381 3407 542 3472 confitetur,
557 3409 648 3482 etqui
665 3408 813 3466 manifeste
827 3408 908 3473 dixit,
922 3418 984 3482 ροςι
1003 3409 1121 3483 pieriam
1142 3411 1214 3464 misit
1234 3409 1303 3464 me?

203 3487 273 3543 illud
287 3488 398 3544 iuterim
414 3487 586 3562 significans,
598 3488 674 3562 quod
688 3490 736 3562 qui
749 3497 833 3545 autea
846 3487 971 3544 fueritin
986 3488 1077 3561 gloria
1091 3488 1166 3562 apud
1177 3488 1300 3549 Patrem,

204 3577 304 3642 postea
317 3569 419 3625 missus
434 3569 471 3624 sit
484 3569 520 3625 ad
541 3577 651 3642 gentes.
667 3587 729 3642 quae
750 3568 932 3643 spoliaverint
948 3586 1007 3624 vos.
1051 3568 1146 3635 Quum
1168 3566 1243 3622 enim
1265 3566 1302 3621 ad

203 3666 252 3704 eas
266 3655 367 3721 gentes
381 3667 443 3722 quae
462 3649 540 3722 prius
553 3648 658 3722 populo
673 3649 727 3705 Dei
747 3650 871 3705 adversae
887 3647 1063 3720 inimicaeque
1085 3654 1165 3702 erant
1184 3645 1301 3701 missum

203 3727 241 3784 sit
256 3728 310 3784 Dei
326 3728 463 3794 Verbum,
477 3729 529 3785 has
550 3729 625 3804 ipsas
647 3728 700 3785 sibi
718 3729 771 3804 ipsi
793 3729 922 3803 subjecit,
937 3727 1051 3784 easdem
1071 3745 1122 3800 per
1136 3745 1202 3782 suos
1217 3725 1301 3783 disei-

202 3808 284 3882 puloa
299 3808 486 3882 depraedatus,
502 3809 549 3883 qui
570 3808 663 3884 portio
684 3809 813 3883 quiedam
832 3819 911 3866 erant
926 3808 1000 3865 illius
1014 3807 1119 3882 populi,
1135 3807 1182 3880 qui
1197 3807 1234 3863 ad
1247 3806 1299 3863 cir-

203 3888 404 3944 cumcisionem
432 3890 563 3963 pertinet,
589 3907 672 3962 quem
701 3890 842 3963 quondam
871 3890 901 3945 in
936 3888 1101 3945 servitutem
1129 3888 1300 3962 redegerunt

202 3976 313 4043 gentes,
323 3986 384 4041 quae
399 3969 489 4043 ipsum
505 3969 583 4026 illum
597 3988 649 4026 suo
663 3969 896 4026 simulachrorum
911 3969 988 4025 cultu
1000 3968 1167 4042 depraedatae
1176 3968 1299 4024 suerunt.

203 4048 275 4106 Haec
296 4047 384 4122 igitur
407 4068 538 4123 passuras
561 4049 629 4106 dicit
650 4059 752 4124 gentes
771 4068 833 4123 qum
855 4048 1004 4123 disposuit.
1047 4047 1128 4106 Sicut
1149 4047 1225 4105 enim
1244 4048 1298 4104 illae

201 4128 337 4202 populum
353 4129 404 4186 Dei
424 4148 441 4186 a
461 4129 553 4204 patria
569 4131 673 4204 pietate
687 4149 720 4186 ac
734 4129 870 4204 religione
889 4136 1050 4186 avertentes
1068 4129 1158 4202 spolia
1178 4127 1299 4202 propriis

202 4209 379 4266 damonibus
392 4210 475 4266 saetae
488 4219 564 4272 sunt,
581 4209 620 4266 ita
640 4209 809 4284 quandoque
828 4208 913 4266 etiam
928 4208 995 4282 ipsae
1010 4208 1102 4282 patrio
1115 4207 1300 4264 simulachro.

201 4306 265 4344 rnm
279 4289 357 4346 cultu
371 4290 407 4346 ab
422 4290 465 4353 iis,
478 4291 525 4363 qui
539 4289 607 4362 ipsis
621 4298 705 4346 antee
715 4289 872 4352 servierint,
882 4287 1084 4362 spoliabuntur,
1094 4295 1122 4342 et
1134 4285 1185 4340 sub
1196 4287 1300 4356 jugum
