3120 4716
256 261 322 330 910
704 261 890 326 EUSEBII
1336 271 1496 339 1³·459-

255 459 380 522 μασαν
407 431 440 506 οἱ
463 424 579 506 πάλαι
602 424 777 529 πρότερον
805 423 869 506 τὸν
896 428 935 504 ἐκ
962 430 1155 527 περιτομῆς
1181 423 1274 504 λαὸν
1300 421 1360 503 διά
1368 461 1399 524 p.
1410 445 1477 524 460

256 553 319 647 τῆς
339 554 540 649 Μωσαῖκῆς
565 553 801 635 διδασκαλίας
822 553 1096 648 οἰκοδομοῦντες,
1115 548 1155 633 irs·
1179 551 1237 630 καὶ
1263 552 1355 628 ἀπο-

256 676 483 770 δοκιμασθεὶς
512 677 569 754 ὑπ’
589 677 707 754 αὐτῶν
735 682 782 758 είς
809 673 974 781 κεφαλὴν
996 676 1116 776 ἕπε’ρας
1139 676 1271 775 γωνίας
1294 679 1360 772 τῆς

255 798 300 902 ἐξ
315 800 427 876 ἐθνῶν
445 800 637 898 ἐκκλησίαις
656 801 823 898 κατέστη,
842 797 886 898 ἣν
905 803 954 884 ὡς
969 798 1021 898 μὴ
1039 806 1113 882 τοῖς
1131 807 1246 878 πᾶσιν
1264 801 1356 902 ὁρω-

255 922 364 1022 μένην
381 923 501 1022 μόνοις
523 924 561 1003 δὲ
585 933 655 1008 τοῖς
673 931 908 1029 προφητικοῖς
926 928 1130 1029 ὀφθαλμοῖς
1147 922 1382 1023 θαυμαστὴνε

256 1043 346 1126 εἶναί
374 1054 491 1154 φησιν
522 1052 543 1129 ὁ
575 1049 687 1150 λόγος
719 1048 884 1156 φάσκων,
917 1058 975 1130 καὶ
1011 1050 1080 1128 ίττι
1112 1048 1292 1154 θαυμαστὴ
1329 1053 1360 1129 ἐν

234 1171 447 1278 τίφθαλμοῖς
466 1175 563 1278 ἡμῶν.
610 1174 689 1275 Τὴν
706 1176 744 1255 δὲ
760 1175 967 1284 ἐπιφάνειαν
985 1177 1092 1254 αὑτοῦ
1110 1176 1224 1254 πάλιν
1242 1172 1359 1280 ἡμέραν

255 1297 415 1400 ὀνομάζει
440 1299 474 1392 ἢν
496 1301 643 1394 ἐποίησεν
662 1311 677 1381 ί
696 1301 819 1403 Κύριος,
837 1304 911 1380 ἐπεὶ
933 1304 991 1379 καὶ
1017 1307 1095 1404 φῶς
1116 1297 1162 1397 ἦν
1186 1297 1291 1383 αὐτὸς
1316 1298 1358 1378 τὸ

254 1422 437 1524 ἀληθινὸν,
464 1429 521 1503 καὶ
547 1426 649 1524 ἥλιος
676 1425 912 1524 δικαιοσύνης,
935 1428 994 1503 καὶ
1021 1425 1133 1526 ἡμέρα
1160 1433 1224 1503 τοῦ
1251 1426 1400 1538 Θεοῦ,φ)ο

254 1550 293 1629 ἐν
319 1547 342 1654 ᾗ
367 1549 504 1650 γε’νοιτο
532 1551 591 1628 καὶ
618 1551 709 1647 ἡμᾶς
731 1554 849 1646 εἰπεῖν,
870 1554 951 1641 αὕτη
979 1555 996 1642 ἡ
1024 1549 1128 1652 ἡμέρα
1152 1548 1185 1641 ἣν
1211 1551 1359 1641 ἐποίησεν

164 1717 174 1740 =
255 1683 270 1754 ὁ
291 1678 414 1781 Κύριος,
434 1671 741 1775 ἀγαλλιατιίμτθα
765 1681 824 1752 καί
851 1671 1074 1779 εὐφρανθῶμεν
1094 1676 1124 1753 ἑν
1143 1679 1238 1786 αὐτῇ.

313 1801 385 1877 Καὶ
412 1798 548 1877 τούτων
577 1798 613 1877 δὲ
644 1796 770 1876 τούτου
797 1797 1093 1897 συντετμημένων
1121 1797 1185 1877 τδν
1213 1797 1358 1900 τρόπον,

255 1922 376 2024 καιρδς
402 1926 460 2001 καὶ
488 1925 544 2003 ἐπὶ
568 1922 633 2006 τάς
656 1925 739 2025 περὶ
765 1931 831 2002 τοῦ
856 1920 993 2020 πάθους
1021 1926 1132 2003 αὑτοῦ
1160 1929 1379 2023 μεταβῆναιε

256 2049 490 2155 προφητείας.

323 2288 691 2364 ΕΥΑΓΓΕΛΙΚΗΣ
725 2287 1068 2372 ΑΠΟΔΕΙΞΕΩΣ
1103 2289 1291 2364 ΤΟΜΟΣ
1366 2313 1398 2375 p.
1408 2291 1471 2372 461

675 2422 937 2500 ΔΕΚΑΤΟΣ.

236 2589 245 2623 ¹
314 2561 460 2638 ΜΕΤΑ
492 2558 556 2641 τάς
583 2560 843 2655 ἀποδεδομένας
869 2559 1085 2662 προρρήσεις
1110 2561 1192 2662 περὶ
1218 2563 1282 2657 τῆς
1309 2564 1359 2642 είς

255 2685 463 2784 ἀνθρώπους
487 2682 645 2788 ἀφίξεως
670 2691 733 2763 τοῦ
756 2684 1087 2787 προκηρυττομένοιν
1118 2689 1224 2781 Θεοῦ,
1256 2691 1377 2772 καλεῖς

256 2806 299 2910 δὴ
318 2807 436 2909 καιρὸς
454 2811 513 2888 καὶ
531 2807 576 2886 roi
594 2810 675 2909 περὶ
693 2808 759 2905 τὴν
777 2807 999 2910 ἀπαλλαγὴν
1016 2817 1081 2888 τοῦ
1099 2808 1142 2914 ἐξ
1158 2807 1357 2912 ἀνθρώπων

255 3006 413 3062 Mosaioam
438 3008 596 3064 doctrinam
621 3006 814 3063 aedificabant:
838 3007 884 3080 qui
907 3007 975 3062 item
998 3008 1034 3063 ab
1059 3006 1114 3063 iliis
1138 3007 1306 3081 reprobatus
1327 3007 1357 3063 in

256 3086 349 3158 capite
363 3086 477 3143 alterius
492 3087 598 3160 anguli,
613 3086 738 3142 collectae
753 3086 849 3161 utique
869 3087 904 3142 de
925 3087 1059 3161 gentibus
1080 3086 1216 3151 ecclesiae,
1231 3095 1275 3144 est
1289 3105 1356 3145 cou-

256 3165 382 3234 stitutus,
398 3185 481 3240 quam
503 3185 570 3222 sane
591 3167 739 3222 eeclesiam
759 3185 816 3222 non
831 3174 863 3222 ut
881 3185 944 3222 eam
965 3185 1028 3242 quae
1049 3166 1084 3223 ab
1104 3167 1234 3224 omnibus
1255 3167 1306 3224 sed
1326 3175 1358 3222 nt

256 3263 318 3302 eam
340 3264 402 3319 qnoe
424 3247 459 3302 ab
477 3247 542 3302 unis
563 3247 735 3321 propheticis
756 3246 845 3302 oeulis
866 3255 998 3303 cernatur
1018 3247 1213 3303 admirabilem
1234 3265 1297 3304 esse
1317 3247 1358 3304 ait

257 3326 411 3391 oraculum,
434 3327 482 3384 ubi
503 3327 543 3383 sic
564 3326 613 3392 ait,
637 3335 664 3384 et
683 3334 724 3382 est
745 3327 869 3384 mirabile
888 3329 916 3382 in
937 3329 1022 3384 oculis
1043 3331 1151 3384 nostris.
1193 3328 1356 3386 Adventum

258 3425 327 3463 vero
348 3407 409 3481 ejus
430 3425 528 3464 rursus
549 3408 619 3463 diem
638 3407 765 3463 nominat
788 3425 866 3482 quom
882 3406 1114 3480 serimentum,
1130 3407 1358 3481 quandoquidem

257 3486 317 3560 ipse
338 3487 423 3544 etiam
444 3487 493 3544 lux
509 3487 563 3543 fuit
577 3505 653 3554 vera,
669 3496 698 3543 et
719 3486 762 3542 sol
779 3487 906 3561 justitiae,
919 3493 950 3542 et
968 3487 1029 3543 dies
1043 3487 1106 3550 Dei.
1121 3487 1151 3542 in
1172 3504 1229 3562 qua
1248 3488 1357 3544 utinam

256 3567 338 3624 nobis
352 3585 463 3642 quoque
479 3568 571 3623 dicere
585 3567 677 3629 liceat.
695 3567 761 3622 Hoc
775 3569 834 3622 dies
847 3585 927 3640 quom
940 3565 1015 3639 serit
1030 3567 1186 3622 Dominio:
1207 3568 1358 3624 exultemus

257 3654 284 3702 et
307 3646 431 3705 letemur
448 3648 477 3702 ιἰι
497 3667 540 3705 eo.
584 3645 727 3703 Caeterum
746 3665 833 3720 quum
856 3646 918 3702 haee
940 3665 957 3702 a
982 3647 1064 3702 nobis
1088 3647 1117 3702 in
1141 3647 1218 3703 huno
1240 3647 1357 3704 modum

257 3726 380 3783 breviter
394 3727 600 3804 comprehensa
613 3727 678 3790 sint¹
692 3734 804 3800 tempus
814 3726 874 3800 jam
888 3726 974 3783 fuerit
987 3726 1024 3783 ad
1037 3744 1085 3783 eas
1100 3745 1162 3801 quae
1176 3725 1212 3784 de
1226 3727 1357 3800 passione

257 3806 331 3864 illius
345 3807 499 3880 loquuntur
513 3806 676 3882 prophetias
691 3805 822 3862 transire.

740 3966 815 4024 LIB.
829 3967 867 4024 X.

299 4069 368 4126 Post
381 4073 510 4144 exposita
524 4074 637 4130 oracula
651 4073 685 4129 de
704 4071 778 4128 illius
792 4073 845 4129 Dei
867 4073 903 4128 ad
922 4071 1052 4128 homines
1071 4087 1186 4126 accessu
1204 4069 1253 4143 qui
1274 4078 1359 4126 antea

258 4147 440 4203 nuntiabatur
454 4160 597 4216 venturus,
613 4153 714 4208 invitat
732 4153 792 4224 jam
813 4171 889 4210 nunc
910 4163 1021 4225 tempus
1042 4169 1096 4206 non
1114 4159 1146 4206 ut
1166 4149 1201 4205 de
1219 4150 1254 4204 iis
1268 4149 1357 4205 disse·

258 4241 362 4288 ramus,
378 4243 439 4296 quae
454 4229 660 4286 consideranda
674 4241 740 4287 sunt
754 4231 782 4286 in
801 4232 929 4303 ejusdem
947 4232 981 4287 de
997 4231 1053 4286 vita
1074 4229 1198 4286 humana
1219 4229 1357 4294 discessu,
