3144 4720
61 291 202 367 -40⁶.
443 289 671 354 onnonsn.
696 287 867 352 nvnna.
893 288 987 352 v111.
1002 307 1030 352 2.
1246 288 1311 356 ους

185 450 505 534 υκαταπιπτόντων
523 455 709 556 ὁσημέραι.
765 450 894 533 Πάντα
912 452 950 531 δέ
967 450 1080 532 ταῦτά
1098 457 1213 558 φησιν
1231 451 1311 530 ἔσε-

209 587 296 660 σθαι
324 581 366 660 δι’
386 580 556 676 ἀσέβειαν
584 580 680 659 οἴκου
698 578 841 677 Ἰακὼβ,
860 584 918 659 καὶ
945 579 989 658 δι’
1014 576 1189 680 ἁμαρτίαν
1214 576 1333 657 οἴκους

208 705 375 810 Ἰσραήλ.
434 708 500 791 Τίς
523 709 552 786 5⁴
572 703 617 805 ἦν
641 706 664 805 ἡ
689 704 837 800 ἀσέβεια
865 708 922 784 καὶ
949 706 971 804 ῆ
997 705 1152 807 ἁμαρτία
1177 702 1312 805 προϊὼν

208 834 292 940 ἑξῆς
310 832 473 935 ἐπιλέγει,
494 843 520 914 oi
538 828 798 937 Edrnorre'pcam
819 835 936 940 κρίμα,
956 841 1017 910 καὶ
1036 831 1152 912 πάντα
1171 828 1218 910 τά
1236 829 1311 936 &pta

210 956 473 1068 διαστρέφοντες,
499 969 525 1040 οἱ
555 955 792 1066 οἱκυάομοῧιτες
821 955 904 1044 teda
932 959 961 1038 ἑν
990 957 1145 1061 dimo,
1170 965 1230 1038 καὶ
1248 957 1310 1038 Ἱε-

211 1087 385 1194 μυταλῆμ
410 1089 440 1169 ἐν
464 1082 628 1178 danlae,
648 1090 686 1166 έν
710 1085 761 1170 οἷς
787 1087 915 1184 αἵμασι
934 1087 1072 1164 κάκεῖνο
1099 1081 1144 1183 ῆν
1169 1080 1211 1163 τὸ
1236 1091 1309 1163 τῶν
1321 1115 1349 1150 ¹0

212 1211 378 1294 ὑστάτων
405 1220 525 1293 κακῶν
550 1213 737 1317 παραίτιον
759 1212 877 1296 αὐτοῖς
894 1211 1093 1312 γενόμενον,
1111 1207 1218 1318 ε’φίἶ)
1245 1209 1310 1309 τῆν

210 1339 329 1439 ἀσεβῆ
354 1338 479 1447 φωνῆν
506 1345 553 1423 εἱς
583 1337 725 1423 ἑαυτοὺς
757 1337 1022 1432 ἐπεσπάσαντο,
1051 1335 1243 1441 φήσαντες,
1272 1338 1339 1417 rib

183 1463 304 1570 υαῖμα
323 1469 423 1547 edred
441 1469 494 1573 ἐφ’
514 1469 617 1573 ἧμας,
639 1477 699 1546 καὶ
720 1467 776 1546 ἐπὶ
796 1461 842 1544 rie
858 1461 956 1545 τέκνα
975 1463 1074 1568 ἡμων.
1129 1460 1202 1542 Διὰ
1220 1471 1309 1564 γοῦν

208 1596 324 1697 φησὶν
352 1591 443 1672 αὐτὰ
466 1602 588 1690 ταῦτα,
617 1596 662 1678 ὡς
688 1592 792 1698 {typis
823 1588 906 1672 Σιωι
938 1587 1214 1696 ιἰριτριαθῆσεται,
1247 1599 1307 1670 καὶ

207 1716 425 1824 Ἰερουσαλῆμ
455 1722 500 1803 ὡς
527 1720 801 1825 ὀπωροφυλάκιοι
829 1717 936 1807 ἔσται,
963 1713 1054 1818 άπερ
1081 1715 1153 1794 οὐδ
1172 1714 1330 1794 ἅλλοτεε

207 1844 353 1924 πώποτε
371 1843 394 1944 ἢ
413 1843 502 1944 μετὰ
521 1843 566 1924 τὰ
584 1845 675 1924 κατὰ
688 1853 753 1924 τοῦ
771 1847 937 1946 Σωτῆρος
951 1845 1050 1942 ἡμῶν
1063 1839 1308 1940 τετολμημένα

170 2003 201 2039 ¹0
209 1973 327 2071 ἀληθῆ
355 1970 421 2071 τὴν
445 1971 597 2066 ἔκβασιν
618 1971 771 2076 εἴληχεν.
820 1971 894 2077 Ἐξ
915 1973 1046 2051 ἐκείνου
1071 1969 1142 2072 γάρ
1166 2003 1221 2048 τοι
1248 1972 1306 2047 καὶ

207 2101 256 2179 εἷς
281 2101 384 2201 δεῦρο
408 2098 564 2202 ἐσχάτης
586 2099 730 2201 ἐρημίας
755 2098 1034 2198 καταλαβούσης
1059 2095 1142 2180 τοὺς
1163 2095 1304 2191 τόπους,

206 2223 248 2302 τὸ
266 2221 333 2321 μὲν
348 2227 434 2326 πρὶν
451 2222 644 2324 διαβόητον
661 2226 778 2303 αὐτῶν
797 2223 892 2303 Σιὼν
910 2223 1001 2326 ὅρος,
1015 2225 1093 2302 ἀντὶ
1111 2227 1173 2320 τῆς
1191 2221 1305 2302 πάλαι
1316 2254 1346 2288 ¹0

207 2353 245 2429 ἐν
272 2352 368 2459 αὐτῷ
397 2350 548 2450 μελέτης
578 2354 635 2431 καὶ
665 2349 855 2451 ἀσκήσεως
882 2357 955 2430 τῶν
985 2354 1217 2455 προφητικῶν
1248 2351 1316 2427 καὶ

204 2477 309 2555 θείων
331 2476 462 2578 λόγων,
480 2473 530 2556 ὧν
547 2480 669 2560 παῖδες
687 2475 728 2556 τὸ
747 2480 832 2579 πρὶν
849 2477 1030 2576 Ἑβραίων
1049 2476 1107 2554 καὶ
1126 2479 1328 2579 θεοφιλεῖςο

203 2607 387 2708 προφῆται
404 2608 505 2706 ἱερεῖς
523 2637 562 2682 τε
587 2606 645 2682 καὶ
663 2599 876 2681 διδάσκαλοι
893 2610 957 2681 τοῦ
974 2599 1108 2683 παντὸς
1127 2600 1248 2682 ἔθνους
1266 2601 1304 2677 έν

203 2727 313 2832 ἀὐτῇ
332 2728 391 2808 διὰ
408 2733 570 2829 σπουδῆς
583 2731 776 2826 ἐποιοῦντο,
787 2725 847 2806 διὰ
864 2727 1052 2826 Ῥωμαίων
1069 2727 1208 2827 ἀνδρῶν
1226 2725 1302 2802 κατ’

202 2853 305 2933 οὐδέν
322 2857 386 2952 τῆς
403 2857 532 2952 λοιπῆς
553 2853 777 2958 διαφέρουσα
801 2853 920 2956 χώρας
939 2857 1155 2954 γεωργεῖται,
1175 2854 1222 2932 ὡς
1245 2851 1325 2928 nais

635 3019 737 3094 ter'o'ij]
753 3023 822 3097 αὐτῷ
835 3024 865 3078 S.

202 3147 279 3222 quod
306 3158 453 3224 peecatum
480 3168 649 3226 progressus
680 3151 795 3226 longiae
828 3152 979 3226 adjungit:
1019 3151 1073 3216 Qui
1099 3151 1301 3214 abominemini,

203 3227 303 3303 inquit,
318 3231 466 3299 judiciem,
491 3238 518 3287 et
545 3235 636 3288 omnio
660 3241 733 3289 recto
758 3236 922 3305 ρετοιντὶιὶς,
948 3235 995 3306 qai
1016 3233 1159 3306 edificatis
1183 3232 1251 3289 Sion
1272 3232 1302 3287 in

200 3309 385 3382 sanguinibus,
399 3318 426 3366 et
448 3311 621 3368 Hierusalem
642 3315 670 3367 in
691 3310 841 3383 injustitiis,
858 3313 885 3368 in
901 3313 1002 3386 quibos
1016 3311 1201 3387 sanguinibus
1216 3311 1301 3368 etiam

202 3387 248 3444 ille
262 3387 324 3453 fuit,
340 3390 387 3462 qni
407 3390 462 3446 fllia
479 3399 670 3448 extremorum
692 3393 831 3448 malorum
850 3391 961 3448 initium
978 3410 1148 3466 causamque
1169 3391 1300 3466 praebuit,

201 3475 318 3542 propter
330 3489 415 3543 quern
429 3470 543 3545 impiam
557 3472 633 3528 illam
645 3489 743 3528 vocem
756 3479 855 3527 eontra
869 3471 976 3545 seipsos
987 3471 1150 3536 emiserunt,
1163 3470 1299 3534 dicentes.

204 3548 324 3621 Sanguis
341 3549 399 3621 εγιις
419 3569 500 3626 seper
520 3569 569 3608 noa
587 3560 615 3608 et
636 3571 718 3626 ευμεν
733 3551 811 3626 filios
827 3559 939 3607 nostroe.
982 3551 1082 3624 ltaque
1103 3558 1219 3625 propter
1239 3550 1300 3623 ipsa

201 3628 274 3694 haec,
288 3629 388 3704 inquit,
405 3629 473 3688 Sion
494 3635 570 3704 quari
589 3651 654 3703 eger
668 3631 803 3696 arabitur,
825 3639 852 3687 et
875 3631 1042 3688 Hierusalem
1063 3634 1143 3704 ηυοιὶ
1161 3648 1300 3704 pomorum
1367 3643 1374 3657 ·

200 3711 323 3766 custodie
342 3712 412 3766 erit:
434 3729 496 3784 qnae
518 3712 631 3786 quidem
651 3710 729 3767 nullo
750 3729 875 3786 unquam
894 3711 949 3768 alio
970 3720 1107 3786 tempore,
1129 3729 1213 3785 quarn
1235 3718 1300 3784 poet

202 3787 249 3845 illa
262 3807 324 3863 quae
339 3799 438 3847 eontra
459 3790 637 3848 salvatorem
658 3801 787 3848 nostrum
805 3791 864 3848 ausi
882 3799 1070 3854 neutrorum
1091 3791 1197 3848 exitum
1219 3808 1299 3847 acee-

201 3887 278 3942 pere.
301 3869 346 3926 Ex
360 3870 408 3926 illo
423 3871 498 3927 enirn
514 3872 548 3928 ad
563 3873 639 3928 hune
653 3890 741 3946 usque
756 3871 840 3936 diem,
854 3871 925 3928 iocis
939 3873 993 3928 illie
1007 3880 1134 3929 extrema
1148 3871 1300 3928 solitudine

201 3950 357 4024 occupatis,
375 3968 458 4007 mone
480 3951 549 4008 Sion
574 3952 622 4026 qui
644 3953 720 4027 apud
738 3952 802 4008 illos
823 3961 906 4009 antea
927 3951 1125 4008 celeberrimus
1146 3952 1299 4017 eratineo

200 4029 324 4103 antiquae
345 4029 420 4087 illine
442 4030 632 4088 meditationi·
653 4041 738 4106 atque
758 4031 968 4088 exercitationis
989 4051 1051 4106 ηοω
1072 4031 1101 4086 in
1122 4031 1170 4088 illo
1185 4031 1299 4106 vigebat

200 4109 432 4183 propheticorum
454 4111 668 4186 divinorumque
693 4110 880 4174 oraculorum.
909 4130 970 4185 quae
997 4120 1081 4168 antea
1108 4111 1160 4168 viri
1185 4111 1299 4168 Hebraei

201 4187 313 4263 Deique
334 4190 487 4248 familiares
508 4192 653 4267 prophetae
668 4192 885 4266 sacerdotesque
904 4198 934 4247 et
954 4189 1084 4265 magistri
1097 4192 1184 4248 totius
1205 4193 1300 4266 gentis

201 4267 230 4323 in
244 4269 345 4326 eodem
361 4289 467 4344 magno
481 4290 545 4328 eum
560 4271 655 4328 stadio
672 4270 837 4337 reddebant,
852 4288 903 4345 per
916 4269 992 4327 viros
1008 4271 1152 4328 Romanos
1172 4272 1202 4326 in
1223 4271 1301 4327 nulla

200 4365 263 4405 rea
283 4349 392 4424 reliqua
412 4351 529 4426 regione
550 4351 683 4409 differens
703 4361 799 4408 aratur
815 4357 844 4407 et
860 4350 971 4418 colitur,
989 4358 1021 4408 ut
1041 4369 1094 4407 noe
1115 4368 1226 4425 qnoque
1246 4349 1300 4424 ipsi

241 4463 309 4503 von.
326 4465 361 4504 rr.
770 4465 786 4501 r
799 4465 819 4519 p
