3142 4720
265 235 330 301 suo
716 235 901 302 uusuuu
1345 236 1511 319 p.2⁶5-

266 402 517 506 Ἰερουσαλὴμ
546 408 603 484 καὶ
635 404 699 503 τὴν
732 403 842 510 δόξαν
875 405 992 502 αι’πῆς,
1022 407 1078 482 καὶ
1110 402 1176 503 τὴν
1202 401 1257 484 ίέν
1284 410 1367 509 Θεῷ

268 532 526 637 καρποφορίαν,
553 537 626 611 τῶν
659 533 698 609 ε’ν
730 531 820 634 αὐτῇ
853 530 1135 627 πολιτευομένων
1167 530 1279 632 ἁγίων
1309 531 1367 609 καὶ
1378 571 1409 606 10

243 663 449 763 οθεοφιλῶν
461 659 601 759 ἀνδρῶν
614 658 671 735 ε’πὶ
689 665 752 736 τοῦ
769 653 946 757 παρόντος
960 656 1227 758 ῑὲστερημένην.
1261 654 1369 736 Μετὰ

267 780 339 884 γὰρ
356 779 422 880 τὴν
440 789 511 860 τοῦΙ
525 786 686 883 Χριστοῦ
708 781 911 883 παρουσίαν
930 779 1077 881 γέγονεν
1094 783 1239 881 ἀληθῶς
1258 781 1394 882 iuno-o

266 941 334 990 πος
363 910 420 986 καὶ
449 907 599 1010 ἄνυδρος
627 908 684 985 καὶ
713 912 899 990 παντελῶς
926 905 1065 1009 ἕρημος,
1091 909 1149 986 καὶ
1176 905 1224 990 ὥς
1252 914 1368 1012 φησιν

267 1034 289 1130 ἡ
319 1034 527 1138 προφητεία,
557 1041 603 1118 είς
631 1030 744 1137 ι’ίλμνν
775 1033 846 1112 uiui
882 1035 1012 1118 κακίας
1043 1032 1104 1113 wir
1134 1033 1367 1114 κατοικούντων

266 1163 373 1250 αἰπήν.
434 1158 584 1240 Τούτοις
610 1156 841 1238 ἐπισυνάπτει
868 1158 1015 1265 σφόδρα
1042 1159 1247 1244 ἀκολούθως
1274 1191 1388 1262 rupo-⁵

266 1289 405 1390 φητικῷ
422 1283 544 1391 τρόπῳ
559 1281 797 1382 αἰνιττόμενος
815 1288 878 1383 τῆς
896 1283 1012 1364 πάλαι
1030 1283 1161 1385 ἐρήμου
1178 1289 1237 1364 καὶ
1256 1285 1365 1391 διψά-

266 1413 338 1511 δος,
369 1409 446 1509 ἤτοι
482 1409 605 1509 πύσης
639 1411 829 1512 ιίνθριύπου
860 1414 993 1516 ψυχῆς,
1028 1409 1048 1510 ἢ
1081 1414 1144 1510 τῆς
1180 1411 1225 1516 ἐξ
1253 1413 1366 1491 ε’θνῶν

265 1535 457 1635 ἐκκλησίας
475 1533 540 1636 τὴν
559 1541 606 1619 είς
624 1536 809 1630 εὐπείθειαν
827 1537 1044 1636 μεταβολὴν,
1064 1537 1129 1636 τήν
1146 1571 1185 1616 τε
1204 1539 1242 1616 ἐν
1260 1538 1365 1623 θείως

243 1662 388 1763 τλόγοις
410 1663 669 1768 καρποφορίαν.
711 1661 764 1743 ‘A
788 1667 847 1743 καὶ
873 1663 1065 1766 προδήλως
1087 1666 1275 1744 αἰνίττεται
1298 1666 1363 1744 λε’·
1377 1706 1408 1740 ιο

265 1786 468 1888 γων,”Εθετι
495 1788 603 1892 ίρνμιν
630 1796 675 1875 είς
694 1791 822 1892 λίμνας
840 1786 978 1880 titirus,
998 1793 1057 1870 καὶ
1078 1789 1125 1870 τὰ
1147 1791 1242 1898 ἑξῆς·
1273 1791 1365 1894 ἅπερ
1421 1801 1427 1810 ’

266 1916 393 2010 νοῆσαι
419 1909 530 2011 μκίνου
556 1921 620 1992 τοῦ
647 1911 771 2016 Ι’παρὰ
794 1918 878 2021 Θεῷ
899 1913 1024 2016 γίνοιτ’
1044 1911 1088 1996 ἂν
1110 1925 1246 2024 σοφοῦ·
1273 1915 1365 1998 κατὰ

265 2037 331 2138 τὴν
361 2041 418 2118 ἐπὶ
450 2039 543 2119 τέλει
572 2046 636 2118 τοῦ
668 2045 829 2140 uatus&
860 2041 1040 2147 φήσασαν
1071 2042 1274 2145 ἐπαγωγὴν,
1303 2047 1363 2130 Τίς

183 2223 197 2250 0
266 2163 383 2270 τιφλτ,
407 2174 466 2244 καὶ
485 2163 633 2272 φολιίξει
653 2167 785 2260 ταύτας
815 2170 873 2246 καὶ
890 2166 936 2247 τὰ
955 2167 1046 2273 ἑξῆς.
1371 2167 1393 2229 d

658 2323 724 2397 s’nti
751 2334 884 2399 unnuoi
906 2324 976 2425 ριζ’.

207 2431 228 2510 8
317 2448 449 2520 Αίνεῖτι
470 2447 531 2521 τὸν
558 2449 680 2546 Κύριον
706 2448 818 2524 πάντα
843 2450 888 2523 τὰ
914 2453 998 2535 ἔθνη,
1018 2451 1071 2522 καί
1097 2450 1363 2526 ἐπαινεσάτωσαν

105 2545 200 2600 Ἐθνῶν
297 2564 306 2589 ’

106 2627 205 2694 κλῆσις,
298 2680 306 2704 ‚
353 2683 369 2701 .

105 2708 170 2761 θεός
183 2726 211 2758 τε
268 2701 377 2750 GWOU'

307 2824 320 2868 f
331 2827 422 2900 ἐθνῶν]
440 2828 468 2882 ἐν
482 2833 540 2904 θεῷ
555 2830 585 2884 P.
600 2847 662 2884 eum
675 2830 829 2901 interprete.
917 2828 1135 2902 Ιὺστερημίνην]
1151 2829 1322 2901 ἐστερημένην
1333 2831 1363 2887 P.
1409 2805 1417 2822 ⁸

266 2904 282 2948 ¹²
296 2909 366 2979 παρὰ
380 2912 449 2962 Θεοῦ
463 2909 521 2964 ED.
541 2909 660 2965 Pultls.

268 3035 459 3102 Hierusalem,
481 3039 597 3112 ejusque
622 3037 742 3111 gloriam
767 3054 799 3092 ac
824 3034 926 3090 divine
952 3035 1042 3110 frugis
1064 3044 1243 3110 proventum,
1266 3055 1364 3094 eorum

267 3116 363 3189 utique
389 3124 551 3174 sanctorum
572 3115 719 3172 hominum
741 3115 849 3189 Deique
873 3113 1028 3172 amicorum
1050 3115 1097 3190 qui
1126 3116 1154 3171 in
1179 3135 1213 3172 es
1234 3115 1364 3184 vixerint,

267 3213 352 3269 quam
367 3195 463 3269 utiquc
481 3196 511 3252 in
531 3195 665 3270 praescnti
682 3194 812 3252 omnibus
829 3195 875 3251 his
895 3195 980 3252 rebus
1000 3196 1138 3271 privatum
1159 3195 1364 3271 spoliatumque

266 3273 402 3331 invenies.
444 3275 522 3332 Num
536 3283 602 3350 post
617 3274 722 3332 Christi
735 3276 888 3332 adveutum
902 3275 978 3333 facts
997 3285 1041 3333 est
1055 3293 1120 3332 vere
1140 3275 1315 3334 infructuosa
1335 3287 1364 3334 et

265 3354 328 3411 sius
349 3372 430 3428 aqua,
445 3364 474 3411 et
495 3355 612 3412 omnino
633 3355 752 3420 deserta,
767 3363 805 3420 et,
821 3364 852 3411 ut
871 3355 910 3413 ait
930 3355 1087 3434 prophetin,
1109 3357 1136 3412 in
1157 3355 1323 3430 salsuginem
1345 3378 1362 3414 σ

267 3435 374 3492 malitia
388 3435 601 3492 inhabitantium
615 3435 644 3492 in
658 3452 697 3491 eu.
741 3434 795 3491 His
809 3435 934 3494 adnectit
948 3437 1090 3511 deinceps,
1104 3443 1190 3510 atque
1210 3436 1363 3493 admodum

267 3523 347 3572 certo
365 3514 463 3573 ordine
482 3523 511 3573 et
525 3516 692 3594 prophetico
709 3533 789 3572 more
803 3516 944 3591 proponit,
958 3518 1019 3590 ejus
1034 3535 1095 3591 quae
1115 3516 1183 3572 olim
1202 3516 1314 3573 deserta
1335 3526 1364 3574 st

267 3595 411 3654 siticulosa
438 3604 508 3663 crat,
533 3597 593 3654 sive
615 3596 688 3654 hanc
712 3595 930 3672 uniuscujusque
952 3595 1073 3653 hominis
1096 3596 1220 3652 unimam
1245 3595 1304 3654 sive
1328 3597 1363 3654 de

266 3677 399 3752 gentibus
420 3677 568 3735 collectum
589 3677 735 3734 ecclesiam
757 3676 869 3741 dixeris,
885 3677 955 3751 ejus,
969 3675 1093 3750 inquam,
1112 3677 1362 3733 commutationem

265 3755 295 3810 in
310 3763 423 3812 sanctos
437 3775 539 3824 mores,
549 3777 660 3816 necnon
670 3758 700 3813 in
714 3756 816 3812 divinis
827 3755 1003 3813 sermonibus
1014 3764 1193 3831 proventum,
1203 3775 1265 3830 qnae
1278 3757 1364 3813 etism

266 3834 376 3907 plonius
398 3835 490 3892 innuit
511 3837 616 3902 dicens,
637 3838 735 3894 Posuit
755 3839 887 3892 desertum
908 3837 937 3893 in
960 3843 1056 3911 sionna
1077 3854 1221 3911 uquarum.
1237 3837 1286 3892 &c
1301 3856 1363 3912 quae

266 3913 363 3988 utique
384 3913 571 3990 intelligentis
591 3915 725 3990 consequi
742 3916 803 3990 ejus
821 3917 904 3973 unius
922 3935 984 3973 esse
1005 3924 1108 3990 potest,
1122 3917 1169 3990 qui
1184 3917 1257 3990 apud
1272 3917 1363 3974 Deum

267 3993 305 4049 sit
326 3992 447 4068 sapiens,
471 3995 543 4052 siout
561 4015 596 4053 en
617 3996 744 4053 inductio
765 3996 860 4062 habet,
882 4015 943 4071 quae
968 3995 997 4052 in
1022 3997 1078 4052 fine
1100 3996 1205 4053 Psalmi
1225 3996 1274 4062 nit.
1297 3997 1364 4062 Quis

266 4076 370 4148 sapiens
383 4083 410 4130 et
424 4077 556 4132 custodiet
572 4076 653 4133 huc?
667 4077 718 4134 uc.

621 4205 638 4242 κ
655 4205 771 4244 τοκκιιο
787 4205 855 4243 cxvi
871 4206 908 4244 ιιτ
923 4205 1016 4244 cxvii.

308 4289 434 4348 Laudare
448 4291 595 4348 Dominum
619 4309 708 4348 omnes
725 4298 829 4365 gentes,
843 4297 870 4346 et
884 4291 1039 4348 cottoudote
1056 4309 1116 4348 eum
1138 4309 1229 4348 omnes
1248 4294 1360 4367 popuii:
