3108 4708
34 261 169 344 -483.
425 263 653 330 DEMONST.
679 263 850 329 EVANG.
875 267 964 346 X.4.
1220 269 1284 337 953

179 425 346 534 στροφήν
365 430 424 507 καὶ
443 433 474 507 oi
493 435 586 531 τρεῖς
604 429 701 509 οὗτοι
719 427 923 510 πεπόνθασι
941 431 1103 528 ποιμένες
1122 433 1203 510 καθ’
1223 432 1285 511 ἕνα

179 554 302 656 καιρὸν
327 554 391 634 τὸν
414 557 471 634 ἐπὶ
496 563 560 634 τοῦ
585 559 752 656 Σωτῆρος
778 557 888 654 ἡμῶν,
911 556 946 656 (ὅ
965 591 1003 637 τε
1021 557 1093 660 γὰρ
1110 558 1285 651 βασιλεὺς

179 678 395 782 παρανόμως
423 681 540 759 αὐτῶν
573 681 702 781 ἡγεῖτο,
730 680 944 788 ἀλλόφυλός
971 717 1024 766 τις
1052 682 1101 762 ὢν
1135 685 1193 763 καὶ
1221 685 1285 763 οὐκ

180 811 304 889 οἰκεῖος
323 815 386 885 τοῦ
404 806 538 890 ἔθνους·
569 805 590 884 ό
608 841 647 885 τε
673 806 853 912 ἀρχιερεύς
871 807 940 888 ὑπὸ
959 811 1146 908 Ῥωμαίων
1164 844 1280 912 παρα·
1294 851 1323 886 ιο

178 931 365 1033 γενόμενος
388 935 445 1012 ἐπὶ
471 931 537 1030 τὴν
565 935 800 1034 λειτουργίαν,
820 935 861 1012 ού
884 934 975 1013 κατὰ
993 934 1060 1033 τὴν
1078 945 1141 1014 τοῦ
1159 935 1283 1036 γε’νους

178 1056 347 1161 διαδοχὴν
362 1056 441 1137 οὐδὲ
460 1058 552 1136 κατὰ
569 1055 651 1140 τοὺς
665 1058 831 1154 ἐννόμους
844 1057 1001 1157 θεσμοὺς
1019 1062 1075 1138 ε’πῖ
1095 1057 1159 1158 τὴν
1177 1059 1283 1158 τιμὴν

177 1181 318 1287 παρῄει·
361 1181 381 1262 ὅ
412 1217 451 1263 τε
482 1182 672 1287 προφήτης
704 1183 826 1288 με’χρις
853 1185 1020 1265 Ἰωάννου
1052 1183 1312 1282 παυσάμενοςο

178 1309 293 1388 οὐκέτι
312 1311 350 1387 ἐν
369 1310 486 1392 αὐτοῖς
504 1308 651 1410 ἐνήργει,
671 1310 749 1388 ἀντὶ
775 1309 813 1389 δὲ
834 1311 961 1390 τούτου
980 1310 1282 1418 ψευδοπροφήτης

177 1469 231 1518 τις
263 1435 400 1534 ἀσεβὴς
432 1438 490 1514 καὶ
521 1441 672 1514 πλανῶν
701 1433 766 1514 τὸν
798 1435 916 1541 habu)
951 1435 1092 1520 εἰκότως
1123 1437 1169 1517 τὰ
1200 1440 1282 1540 τρία

177 1560 396 1664 χαρίσματα,
426 1558 542 1640 πάλαι
572 1557 747 1663 πρότερον
779 1560 867 1664 ὑπὲρ
897 1559 1016 1641 πάντα
1048 1562 1188 1660 κόσμον
1220 1565 1305 1650 eri-5

177 1690 297 1788 πρεπῆ
325 1683 367 1765 τό
392 1693 466 1765 πᾶν
495 1687 594 1770 ἔθνος
625 1695 840 1783 κοσμοῦντα,
863 1687 1107 1791 περιαιρήσειν
1136 1692 1194 1794 ὑφ’
1221 1690 1283 1768 ἕνα

180 1808 303 1913 καιρόν
326 1815 467 1892 ἀπειλεῖ
482 1811 608 1913 λε’γων,
630 1822 689 1892 καὶ
720 1813 826 1920 ἑξαρῖι
851 1813 924 1899 τοὺς
952 1820 1032 1921 τρεῖς
1061 1813 1225 1919 ποιμένας
1254 1816 1283 1894 ἓν

139 1977 170 2026 25
179 1939 254 2041 μιμῖ
273 1938 328 2026 iri,
350 1949 409 2017 uui
429 1937 663 2042 βαρυνθήσετιιι
684 1943 700 2032 ἦ
718 1934 823 2046 ψυχή
840 1976 905 2043 μου
924 1943 977 2020 ἐπ’
998 1941 1128 2025 αὐτούς.
1174 1941 1281 2019 Ἀνθ’

179 2062 221 2141 οὗ
249 2065 270 2141 ό
297 2061 362 2160 μὲν
379 2062 538 2147 Ἀκύλας
565 2065 670 2170 φησὶ,
692 2072 752 2143 καὶ
778 2064 964 2158 ἑκολιβύθη
989 2069 1006 2159 ἡ
1030 2060 1136 2172 ψυχή
1162 2104 1228 2171 μου
1253 2067 1324 2145 ἑιιο

180 2191 306 2272 αὐτοῖς·
350 2189 370 2265 ὁ
399 2185 436 2266 δὲ
464 2186 669 2292 Σύμμαχος,
704 2196 763 2267 καὶ
798 2185 1060 2296 carpatium
1093 2193 1123 2270 ἐι
1156 2197 1281 2276 αὐτοῖς·

180 2315 201 2390 ό
229 2312 267 2391 δὲ
295 2314 504 2410 θεοδοτίων,
525 2320 585 2394 καὶ
611 2310 876 2422 ύλιγιψύχησεν
895 2319 912 2409 ἡ
929 2310 1034 2422 ψυχή
1061 2351 1126 2419 μου
1149 2318 1201 2396 ἐπ’
1222 2322 1283 2396 αὐ-

179 2437 264 2522 τούς.
335 2442 407 2517 Καὶ
443 2438 485 2518 τὸ
520 2437 631 2518 αἴτιόν
667 2473 710 2540 γε
746 2444 810 2538 τῆς
845 2442 1086 2546 όλιγοψυχίας
1123 2442 1307 2521 διδόσκειο

178 2562 361 2664 ἐπιλέγων,
393 2572 451 2643 καὶ
480 2562 550 2672 γῖιρ
580 2575 618 2643 αι’
643 2561 766 2670 ψυχαὶ
799 2563 902 2644 αὐτόν
930 2566 1102 2672 ἑπωρόιντο
1134 2569 1186 2646 ἐπ’
1213 2566 1281 2672 ἓμέ.

178 2691 282 2770 ’Ave’
298 2691 344 2769 ¹ori
367 2689 480 2770 πόλιν
499 2693 519 2770 ό
536 2688 705 2785 Ἀκύλας,
726 2693 789 2769 καί
813 2725 857 2791 γι
881 2696 898 2784 ἡ
924 2686 1027 2798 ψυχή
1054 2691 1158 2772 αὐτόν
1186 2693 1282 2798 ἐπίρ-

139 2841 286 2895 accurri
322 2817 351 2894 ἒν
389 2817 473 2920 ἐμοί·
523 2818 543 2894 ό
582 2814 620 2894 δὲ
661 2815 866 2918 Σύμμαχος,
902 2825 961 2895 καὶ
996 2820 1013 2909 ἡ
1044 2810 1148 2922 ψυχή
1179 2815 1304 2901 aurbs

179 3007 328 3065 nubentur.
371 3006 430 3065 Sed
445 3007 558 3082 quando
572 3019 631 3065 tres
649 3008 696 3065 isti
710 3021 839 3084 pastores
853 3027 912 3066 uno
926 3018 1054 3083 ternpore
1068 3008 1282 3066 conversionem

180 3089 257 3162 passi
276 3095 352 3154 aunt,
367 3087 515 3146 Sulmtore
536 3088 631 3162 ntique
652 3097 751 3146 nostm
771 3090 942 3148 adveniente
958 3091 1037 3163 (nam
1055 3097 1086 3146 et
1105 3107 1156 3146 rex
1179 3096 1283 3164 prater

179 3169 260 3244 leges
278 3176 399 3234 creatus,
413 3187 471 3226 non
492 3168 528 3226 ab
548 3167 674 3242 ipsorum
695 3188 802 3244 genere
823 3169 968 3234 oriundus,
988 3169 1039 3226 sed
1059 3178 1194 3227 externus
1214 3169 1282 3244 ipsis

180 3257 250 3306 tnnc
273 3258 409 3324 praerat:
433 3257 463 3306 et
483 3249 613 3324 pontifex
636 3269 654 3306 a
678 3250 814 3306 Romanis
835 3249 872 3306 ad
889 3268 997 3306 sacram
1016 3249 1192 3306 functionem
1215 3267 1281 3323 pro-

180 3337 289 3394 vectus,
313 3349 372 3386 non
395 3347 432 3388 ex
456 3329 635 3388 successione
660 3329 782 3404 generis,
805 3347 897 3403 neque
920 3328 1074 3386 secundum
1096 3329 1176 3402 leges
1198 3335 1282 3401 atque

181 3409 321 3474 instituto,
344 3409 483 3466 honorem
506 3409 585 3466 illurn
609 3407 773 3466 obtinebat:
809 3427 862 3464 nec
890 3407 1038 3484 propheta,
1063 3408 1111 3481 qni
1134 3425 1223 3480 usque
1246 3407 1283 3463 ad

179 3489 321 3546 Joannem
341 3489 508 3564 perveniens
526 3489 657 3551 desierat.
672 3487 793 3562 amplius
806 3489 882 3562 opud
895 3506 945 3544 eos
958 3486 1138 3562 operabatur,
1153 3486 1205 3543 aed
1217 3486 1282 3542 loco

180 3570 243 3643 ejus
257 3570 379 3628 mendax
395 3569 508 3643 quidam
523 3569 663 3643 propheta
676 3575 705 3625 et
718 3567 822 3642 impius
836 3567 973 3646 populum
994 3566 1164 3642 decipiebat)
1179 3565 1282 3622 merito

178 3647 235 3706 tria
248 3649 297 3707 illa
310 3649 394 3715 dona,
405 3668 468 3723 quae
482 3649 625 3723 quondam
637 3667 722 3723 snpra
732 3665 816 3705 omne
830 3657 1028 3706 ornamentum
1042 3665 1075 3702 nc
1090 3647 1176 3704 decus
1190 3653 1282 3702 totam

179 3729 257 3786 illam
271 3737 386 3804 gentem
401 3729 549 3793 ornabant,
564 3728 739 3786 sublaturum
761 3747 792 3786 se
811 3747 868 3785 uno
882 3737 1009 3800 tempore
1024 3727 1157 3790 minatur,
1173 3726 1280 3793 dicens,

179 3809 362 3884 manseram
377 3816 568 3883 impostores
581 3809 610 3866 r'a
623 3827 712 3866 mense
725 3827 789 3872 οπο,
804 3817 831 3866 et
846 3808 1008 3884 probabitur
1020 3809 1113 3864 animo
1126 3825 1185 3863 mec
1198 3823 1282 3878 super

179 3907 233 3956 eoa,
248 3907 301 3964 pro
315 3908 371 3963 quo
384 3888 487 3963 Aquilo
500 3887 613 3963 quidem
628 3889 668 3946 sic
683 3889 731 3951 ait,
746 3887 789 3944 Et
802 3887 929 3944 mutilato
943 3894 982 3942 eat
1001 3889 1094 3942 anima
1106 3903 1166 3942 mec
1179 3888 1208 3941 ιἰι
1221 3888 1278 3942 eir:

179 3968 371 4044 Symmachus
391 3977 498 4034 autem,
519 3967 562 4025 m
579 3969 750 4026 arorimctur
770 3985 828 4024 rum
850 3969 878 4022 ιἰι
896 3968 953 4024 eia:
974 3965 1154 4023 Tiieodotion
1175 3973 1279 4030 autem,

181 4049 219 4106 Er
243 4052 400 4106 exanimato
423 4057 463 4106 eat
483 4051 574 4106 urimo
592 4067 652 4104 meo
673 4065 755 4121 ςιιρετ
774 4064 828 4104 eor.
870 4047 908 4104 Et
928 4065 1042 4103 causam
1063 4045 1280 4102 exanimationis

180 4128 306 4186 ostendit
319 4129 349 4185 in
363 4129 397 4186 iis
409 4147 474 4203 qnae
487 4128 628 4204 adjungit,
642 4128 750 4184 Etenim
764 4127 862 4183 onimoe
875 4145 969 4183 eorum
983 4129 1124 4202 νιιρὶοτυιιι
1138 4145 1218 4199 super
1228 4145 1278 4189 me.

180 4227 233 4286 pro
248 4227 304 4283 qno
318 4227 415 4266 rursus
429 4209 530 4283 Aquila
543 4206 598 4265 hoc
612 4208 697 4265 modo
711 4207 861 4273 convertit,
876 4207 988 4264 Etenim
1010 4208 1100 4263 anima
1116 4223 1208 4262 rorum
1228 4208 1279 4260 im-

179 4291 314 4346 maturuit
327 4292 354 4344 in
369 4308 432 4346 me:
463 4287 653 4368 Symmachus
666 4295 771 4353 antem.
787 4287 829 4345 Et
842 4289 936 4346 auimo
950 4305 1043 4346 eorum
1058 4286 1173 4342 invainit
1188 4287 1214 4370 ire
1229 4301 1279 4338 ιιιι.

221 4402 289 4442 von.
306 4373 359 4442 us
750 4403 766 4458 3
784 4404 804 4440 x
