3142 4720
248 273 312 338 ara
693 268 878 334 nussim
1325 262 1491 347 psas-

249 439 340 523 λε’ως
369 436 570 538 γενομένην,
598 435 677 538 ἅρτι
706 439 769 531 τῆς
787 430 1027 536 Ἰερουσαλὴμ
1056 429 1385 532 ἀνεγηγερμένης,ι5

249 562 503 645 ἀνανεωθέντος
531 559 570 640 δὲ
604 570 667 640 τοῦ
700 558 924 660 ἁγιάσματος
953 558 1010 636 καὶ
1041 565 1105 634 τοῦ
1134 555 1224 657 πρὸς
1252 558 1348 660 αὐτῷ

250 689 508 790 θυσιαστηρίου
534 691 591 767 ἐπὶ
617 688 770 788 Δαρείου
795 692 858 764 τοῦ
885 682 1081 784 Πίρσου,ὁ
1109 680 1234 784 παρὼν
1251 715 1342 784 προ·

250 812 365 921 φήτης
395 811 562 913 θεσπίζει,
589 811 655 912 τὴν
682 810 771 909 μετὰ
799 817 911 889 ταῦτα
943 808 1108 909 δευτέρω
1136 807 1346 908 πολιορκίαν
1354 827 1385 889 P·
1398 804 1462 886 2⁸5

249 944 311 1039 τῆς
330 937 568 1041 Ἰερουσαλὴμ
586 938 782 1036 σημαίνων,
801 933 845 1034 ἣν
869 935 1046 1015 πέπονθεν
1072 930 1142 1012 ῦπῦ
1160 933 1347 1030 Ῥωμαίων

251 1066 313 1142 οὐκ
339 1063 471 1141 ἄλλοτε
497 1060 518 1161 ἢ
541 1061 630 1160 μετὰ
654 1060 699 1140 τὰ
725 1059 815 1140 κατὰ
839 1069 901 1140 τοῦ
921 1064 1087 1161 Σωτῆρος
1106 1058 1206 1156 ἡμῶν
1222 1058 1347 1154 Ἰησοῦ

228 1195 415 1290 εΧριστοῦ
443 1195 515 1271 τοῖς
543 1187 746 1288 οἰκήτορσιν
774 1187 881 1285 αὐτῆς
906 1184 1161 1283 τετολμημένα.
1211 1185 1369 1282 Ἐναρ-5

251 1314 411 1414 γε’στατα
435 1320 622 1414 τοιγαροῦν
647 1313 703 1390 καὶ
729 1313 880 1389 ἐνταῦθα
897 1318 961 1388 τοῦ
980 1313 1145 1409 Σωτῆρος
1163 1309 1263 1407 ἡμῶν
1282 1314 1345 1385 τοῦ

250 1442 345 1517 θεοῦ
365 1438 486 1540 Λόγου
504 1439 526 1536 ἡ
544 1436 725 1539 παρουσία
743 1433 864 1514 καὶτὰ
883 1437 940 1514 ἐπὶ
958 1434 1068 1537 ταύτῃ
1087 1431 1346 1531 συμβεβηκότα

250 1568 476 1663 οδηλοῦνται.
536 1568 662 1643 Ταῦτα
689 1561 727 1641 δὲ
758 1559 802 1659 ἦν
833 1563 923 1659 ὁμοῦ
951 1559 996 1638 τὰ
1024 1564 1104 1662 περὶ
1132 1557 1195 1637 τὸν
1223 1557 1346 1659 καιρὸν

250 1699 313 1769 τοῦ
344 1687 481 1772 πάθους
513 1690 621 1767 αὐτοῦ
652 1683 894 1788 πεπραγμένα,
923 1688 982 1765 καὶ
1013 1687 1036 1785 ἡ
1066 1685 1265 1786 παραυτίκα
1295 1686 1348 1790 τῷ

249 1817 429 1918 Ἑβραίων
456 1815 547 1892 ἔθνει
575 1815 781 1892 ἐπελθοῦσα
807 1811 1005 1914 πολιορκία,
1033 1813 1092 1888 καὶ
1121 1813 1184 1908 τῆς
1211 1810 1340 1910 Ἱερον-
1357 1839 1388 1874 ¹0

250 1939 379 2039 σαλὴμ
397 1940 419 2038 ἡ
438 1939 586 2036 ἅλωσις,
606 1942 663 2018 καὶ
682 1939 703 2036 ἡ
722 1938 811 2040 πρὸς
830 1935 965 2020 τούτοις
984 1941 1113 2035 κλῆσις
1133 1941 1204 2014 τῶν
1223 1936 1345 2031 ἐθνῶν,

250 2075 313 2146 τοῦ
341 2101 379 2146 τε
408 2065 484 2148 ἑνὸς
512 2068 570 2144 καὶ
596 2061 706 2162 μόνον
731 2069 825 2143 Θεοῦ
852 2069 901 2145 εἱς
925 2069 998 2142 πᾶν
1023 2062 1123 2163 γε’νος
1149 2060 1377 2162 ἀνθρώπωνο

228 2193 452 2292 σε’πίγνωσις.
507 2188 565 2284 Ὤ
579 2223 622 2291 γε
643 2187 715 2286 μὴν
736 2185 1027 2292 πνευματοφόρος
1046 2185 1234 2289 προφήτης
1250 2218 1347 2288 περι-

250 2316 471 2418 παθέστερον
502 2318 550 2398 ὡς
579 2311 623 2393 ἂν
655 2314 708 2392 ἐπ’
739 2314 873 2395 οίκείοις
904 2311 1170 2418 ὀλοφυρόμενος
1202 2315 1276 2392 τοῖς
1307 2311 1347 2386 ἐκ

250 2445 450 2543 περιτομῆς,
469 2442 507 2519 ἐκ
533 2443 595 2536 τῆς
614 2439 689 2517 κατ’
710 2439 844 2516 Ιῖαὐτῶν
869 2437 1103 2542 ἐκφωνήσεως
1129 2435 1195 2534 τὴν
1219 2466 1371 2537 serap-5

251 2565 320 2670 χὴν
351 2567 536 2664 πεποίηται
568 2569 630 2663 τῆς
658 2564 887 2668 προφητείας.
945 2561 1096 2671 Ἡμέρας
1124 2561 1167 2661 δὴ
1200 2562 1262 2640 οῦν
1292 2563 1348 2639 τοῦ

254 2692 378 2796 Κυρίου,
406 2690 529 2792 ὥσπερ
558 2689 619 2769 οῦν
649 2692 706 2769 καὶ
737 2691 774 2767 ἐν
806 2688 934 2791 ἑτέροις
964 2692 1144 2767 κάνταῦθα
1176 2685 1347 2788 ὀνομάζει,

353 2918 367 2949 ⁰
381 2910 531 2983 δηλοῦνται]
549 2911 672 2979 δηλοῦται
687 2909 717 2964 P.
801 2907 927 2980 Ραῦτῦν]
944 2907 1022 2960 αὐτὸν
1038 2908 1067 2960 Ρ.
1083 2914 1114 2960 ut
1128 2907 1201 2978 vulg.
1218 2906 1245 2960 S.

252 3121 320 3178 rege
335 3101 463 3174 contigit,
480 3119 565 3174 quum
588 3101 672 3176 poulo
686 3107 751 3156 aute
769 3099 943 3156 Hierusalem
958 3098 1114 3155 instaurata
1128 3106 1213 3161 esset,
1228 3117 1347 3154 renora-

253 3192 369 3256 tumque
390 3181 589 3246 sanctuarium,
604 3188 634 3236 et
648 3180 724 3254 quod
737 3180 812 3253 apud
826 3179 895 3235 illud
909 3187 969 3235 erat
983 3178 1079 3242 altare,
1096 3178 1148 3234 sub
1162 3177 1249 3234 Dario
1264 3178 1350 3234 Persa

252 3278 376 3336 praesens
395 3260 471 3316 cauit
484 3258 632 3336 propheta,
648 3268 676 3316 et
697 3259 817 3333 posthac
837 3259 955 3316 alteram
976 3258 1151 3314 obsidionem
1168 3258 1349 3314 Hierusalem

251 3341 375 3398 futuram
397 3339 546 3414 siguificat,
561 3358 644 3413 quam
666 3357 749 3414 passa
767 3349 810 3396 est
825 3359 842 3396 a
856 3339 992 3396 Romanis
1011 3357 1070 3394 non
1089 3338 1158 3395 alias
1180 3357 1263 3411 quam
1285 3346 1350 3412 post

253 3421 360 3479 scelera
387 3437 448 3494 quae
472 3419 533 3494 ejus
560 3418 735 3477 habitatores
763 3429 862 3476 contra
889 3418 1066 3476 Salvatorem
1093 3426 1222 3475 nostrum
1249 3419 1349 3474 lesum

254 3502 400 3560 Christum
414 3501 475 3557 ausi
489 3509 563 3557 suut.
606 3499 837 3557 Manifestissime
852 3500 938 3575 igitur
951 3499 1036 3555 etiam
1055 3497 1111 3554 hoc
1128 3499 1157 3554 in
1173 3497 1236 3554 loco
1252 3497 1350 3553 Salva-

254 3584 324 3640 toris
345 3581 444 3644 nostri,
460 3581 507 3655 qui
529 3581 584 3638 Dei
602 3582 730 3638 Verbum
752 3591 805 3648 est,
827 3580 974 3642 adventus,
996 3588 1025 3634 et
1042 3596 1104 3652 quae
1125 3577 1199 3634 illius
1221 3585 1350 3652 tempore

254 3665 415 3727 acciderint,
430 3661 642 3735 significantur:
662 3670 728 3717 sunt
739 3678 806 3717 vero
820 3660 882 3716 hac
896 3659 997 3732 partim
1013 3677 1075 3732 qum
1090 3676 1146 3732 quo
1160 3665 1289 3732 tempore
1303 3657 1350 3713 ilie

254 3761 353 3816 passus
374 3751 418 3799 est
442 3750 523 3814 gesta
544 3751 619 3806 sunt,
642 3740 744 3815 partim
766 3759 828 3813 quae
850 3739 925 3796 illico
945 3738 1115 3796 Hebraicam
1133 3739 1278 3795 nationem
1298 3756 1349 3811 op·

254 3823 356 3894 pressit
377 3821 495 3884 obsidio,
515 3828 543 3876 et
562 3821 650 3896 ipsius
668 3819 849 3876 Hierusalem
871 3819 1054 3893 expugnatio,
1072 3826 1102 3874 et
1124 3827 1188 3891 post
1209 3818 1269 3892 ipsa
1289 3817 1351 3874 haec

254 3901 366 3957 vocatio
381 3900 517 3974 gentium,
532 3902 669 3974 uniusque
684 3918 716 3956 cc
731 3899 817 3955 solius
834 3900 887 3954 Dei
903 3900 977 3973 apud
995 3917 1080 3955 omne
1094 3915 1185 3971 genus
1203 3897 1350 3954 hominum

255 3979 390 4054 cognitio.
444 3979 586 4036 Caeterum
607 3980 702 4036 divino
726 3978 825 4053 spiritu
849 3979 959 4035 afflatus
980 3978 1120 4054 propheta
1143 3996 1207 4034 curn
1230 3978 1351 4051 quadam

254 4058 507 4123 commiseratione,
522 4069 656 4134 tanquam
677 4061 701 4115 is
722 4060 769 4134 qui
790 4078 856 4116 suos
875 4059 912 4115 ad
930 4057 1161 4116 circuncisionem
1176 4058 1351 4131 pertinentes

255 4139 392 4210 deploret,
407 4138 443 4193 ab
457 4137 661 4195 exclamatione
675 4149 774 4196 eontra
794 4139 857 4196 illos
876 4157 934 4195 suas
955 4138 1111 4212 prophetiae
1132 4137 1244 4194 initium
1265 4137 1351 4194 facit:

255 4220 311 4271 dies
324 4216 411 4288 igitur
427 4216 548 4278 Domini,
564 4217 635 4272 sicut
648 4219 677 4272 in
699 4219 759 4274 aliis
779 4219 857 4284 locis,
872 4218 927 4273 hoc
949 4237 1061 4292 quoque
1082 4218 1110 4272 io
1132 4216 1196 4272 loco
1212 4217 1349 4279 nominat,

257 4302 288 4349 ut
304 4295 344 4350 sic
358 4303 470 4366 tempus
489 4293 595 4349 Christi
617 4296 652 4350 od
672 4297 801 4353 homines
822 4299 960 4353 adventus
982 4297 1138 4370 significet:
1162 4296 1300 4370 planeque
1321 4295 1351 4352 iu
