3108 4708
252 217 316 282 σοι
698 218 884 285 ananan
1332 217 1499 302 paea-

229 383 398 485 δπίρατα.
457 383 597 464 Τοῦτον
623 384 660 464 δὲ
683 395 747 466 τοῦ
766 388 892 468 ὕδατος
909 386 969 464 καὶ
986 381 1091 467 alric
1111 385 1131 462 ὁ
1151 382 1279 484 Σωτὴρ
1297 386 1379 466 acis

254 509 386 612 Κύριος
410 511 510 609 ἡμῶν
534 511 743 610 μνημονεύει
769 511 886 613 λέγων
909 508 999 612 πρὸς
1023 510 1090 609 τὴν
1108 516 1356 610 “Σαμορεῖτινι

252 644 278 716 εί
299 632 384 748 :sidaec
403 641 454 725 τίς
473 641 560 720 ἐστὶν
579 649 594 719 ί
615 639 714 719 cleda
731 674 772 719 σε
789 643 887 729 asaia,
904 636 946 716 σῦ
965 635 1006 717 aiv
1024 635 1150 748 ᾔτησας
1169 637 1277 726 atria
1294 645 1354 715 sai

253 757 369 842 ίθωιιιν
395 765 435 842 ἄν
463 800 515 843 σοι
540 760 622 868 ῦθωρ
644 763 716 872 (dv.
769 761 874 862 Ὅση
893 761 931 842 δὲ
948 769 1022 848 τοῖς
1050 760 1355 864 ἆττογευσαμένοις

251 895 316 968 τοῦ
334 887 462 990 ζῶντος
480 894 538 971 καὶ
557 899 705 993 λογικοῦ
731 889 887 990 νάματος
906 889 1062 995 ὑπῆρξεν
1083 887 1240 994 ὠφέλεια
1261 920 1353 990 παρ-
1365 925 1396 960 ιο

252 1013 398 1114 ἵστησιν
416 1015 499 1122 ἑξῆς
516 1015 696 1097 διδάσκων
715 1019 763 1102 ὡς
787 1021 820 1096 οἱ
842 1013 983 1098 πιόντες
1001 1016 1121 1111 οῦτοῦ,
1139 1013 1222 1096 τοῦς
1238 1012 1355 1093 πάλαι

252 1142 414 1226 πολλοῦς
436 1143 729 1236 βασιλεύσαντας
757 1144 873 1222 αὐτῶν
899 1142 1069 1240 δαίμονας
1091 1140 1267 1242 πονηροὺς
1285 1142 1355 1219 ἀπ-

254 1266 503 1367 αρνησάμενοι,
521 1265 585 1347 τὸν
609 1268 670 1347 ἕνα
696 1268 830 1369 Κύρων
854 1271 912 1347 καὶ
936 1265 1093 1362 βασιλέα
1111 1273 1221 1370 σφῶν
1238 1266 1356 1344 αὐτῶν

254 1392 557 1492 οὸμολογήσουσι,
590 1397 648 1474 καὶ
685 1397 733 1478 ὡς
767 1397 787 1473 ὁ
821 1393 953 1497 Κύριος
985 1396 1005 1472 ὁ
1040 1392 1161 1492 μόνοις
1193 1390 1235 1470 τὸ
1269 1394 1357 1494 πρὶν

253 1518 434 1620 Ἑβραίοις
452 1517 705 1621 γνωριζόμενος
722 1518 912 1622 γενήσεται
930 1516 1104 1615 βασιλεῦς
1122 1517 1268 1598 πάντων
1284 1523 1396 1612 τιῦνρ.
1406 1524 1474 1610 489

254 1651 302 1727 εἰς
321 1642 428 1724 atria
451 1646 495 1751 ἐξ
510 1643 655 1746 ἁπάσης
681 1651 744 1746 τῆς
770 1651 837 1748 γῆς
862 1646 1135 1728 πιστευσάντων
1152 1648 1273 1742 ἐθνῶν,
1298 1647 1358 1722 καὶ

255 1768 297 1849 τὸ
323 1769 435 1868 ὄνομα
459 1773 567 1850 αὑτοῦ
597 1769 636 1849 ἓν
660 1771 772 1869 ἔσται,
792 1781 947 1853 κυκλοῦν
970 1779 1096 1852 πᾶσαν
1120 1769 1185 1871 τὴν
1207 1775 1277 1872 γῆν
1299 1773 1357 1849 καὶ

232 1894 321 1995 arip
339 1896 480 1998 ἔρημον.
531 1894 586 1976 ‘O
605 1901 664 1977 καὶ
689 1897 774 1978 αι’ττὸ
801 1901 855 1984 τίς
873 1901 937 1979 οῦκ
955 1897 1000 1978 ἂν
1025 1900 1118 2000 ὁρῶν
1135 1897 1327 1998 ἐκπλαγείη
1342 1930 1380 1993 5⁵

254 2019 349 2102 Ἀττῦ
374 2031 462 2123 γοῦν
486 2029 549 2122 τῆς
574 2029 738 2130 Χριστοῦ
766 2027 1023 2129 προσηγορίας,
1045 2025 1165 2126 (αι’ττὸς
1193 2021 1232 2103 δὲ
1262 2021 1307 2122 ἦν
1335 2025 1356 2102 ὁ

254 2147 416 2249 Χριστὸς
445 2151 465 2228 ὁ
493 2150 650 2254 Κύριος,)
676 2150 718 2230 τὸ
742 2159 814 2231 τῶν
843 2157 1075 2254 Χριστιανῶν
1102 2151 1215 2251 ὄνομα
1238 2150 1357 2231 πάντα

254 2271 366 2353 τόπον
384 2278 441 2353 καὶ
467 2274 576 2356 πόλιν
594 2279 652 2354 καὶ
670 2277 792 2380 χώραν
811 2283 870 2357 καὶ
892 2275 983 2357 αὐτά
1001 2311 1044 2378 γε
1061 2277 1108 2358 τὰ
1126 2281 1164 2358 ἐν
1181 2283 1258 2360 ταῖς
1277 2274 1356 2380 ἐρή-

254 2432 334 2497 μοις
359 2403 417 2479 καὶ
442 2408 519 2485 ταῖς
536 2403 718 2506 ἐσχατιαῖς
736 2408 799 2502 τῆς
818 2408 884 2505 γῆς
900 2409 1064 2483 οἰκοῦντα
1088 2403 1172 2503 ἔθνη
1197 2400 1356 2504 περιεκύ-

256 2536 377 2606 κλωσε
396 2534 468 2611 τοῖς
486 2531 549 2625 τῆς
566 2531 784 2635 προφητείας
803 2528 1007 2613 ἀκολούθως
1025 2530 1286 2628 θεσπίσμασιν.
1367 2576 1398 2612 ιο

421 2725 437 2757 ¹¹
452 2717 609 2788 σομοριίτην
620 2716 648 2770 S.
734 2723 749 2754 ⁰
763 2714 972 2788 ὁμολογήσουσι]
989 2718 1149 2788 ὁμολογοῦσι
1163 2716 1193 2771 S.

258 2869 325 2909 vero
345 2871 424 2927 aquae
445 2852 505 2927 ipse
527 2871 638 2927 quoque
660 2851 790 2909 Salvator
811 2871 844 2910 ac
858 2852 998 2909 Dominus
1018 2861 1116 2908 nomer
1137 2849 1274 2918 meminit,
1288 2850 1356 2906 dum

257 2930 381 3005 loquitur
395 2950 460 2988 com
475 2933 590 2990 muliere
607 2931 793 2996 Samaritana,
808 2931 842 2989 Si
853 2936 943 2998 sciret,
958 2933 1058 3007 inquit,
1074 2935 1120 3006 qui
1133 2940 1174 2988 ert
1190 2933 1236 3005 qni
1255 2933 1324 3004 petit
1337 2950 1357 2988 α

258 3019 284 3068 te
308 3011 405 3074 bibere,
430 3019 461 3068 tu
480 3015 592 3085 petisset
614 3014 648 3070 ob
670 3031 710 3078 eo,
728 3020 754 3068 et
773 3015 885 3069 dedisset
910 3013 960 3068 titt
982 3030 1083 3087 equom
1102 3014 1200 3068 vivam.
1243 3011 1359 3079 Quanta

256 3097 353 3146 autem
374 3091 411 3146 ad
424 3109 483 3156 eoa,
500 3092 547 3166 qui
562 3091 655 3148 vivam
674 3092 895 3166 rationalemque
916 3110 1017 3167 aquarn
1038 3091 1225 3167 gustaverint,
1239 3099 1359 3148 ventura

258 3169 296 3226 sit
319 3169 433 3235 utilitas,
456 3171 581 3229 declarat
603 3173 743 3247 deinceps,
765 3171 833 3228 dum
858 3172 940 3229 docet
964 3170 1202 3247 quemadmodum
1226 3172 1358 3246 quicum

257 3269 361 3324 aquam
374 3251 507 3316 biberint,
523 3260 552 3309 et
566 3253 671 3309 multos
685 3253 757 3316 illos,
773 3253 820 3328 qui
834 3260 919 3309 antea
932 3252 1000 3327 ipsis
1013 3252 1200 3328 imperabant,
1216 3251 1356 3327 malignos

259 3332 404 3388 doemonas
418 3332 629 3408 abnegaverint,
643 3333 663 3388 ii
682 3351 770 3390 unum
792 3333 835 3389 sui
856 3333 981 3407 ipsorum
1002 3341 1031 3390 et
1044 3333 1198 3390 Dominum
1218 3340 1247 3389 et
1260 3349 1359 3408 regem

260 3412 479 3477 confitebuntur,
501 3413 570 3470 item
596 3413 671 3487 quod
694 3414 718 3468 ia
739 3413 887 3478 Dominus,
910 3413 957 3487 qui
982 3413 1018 3470 ab
1038 3413 1101 3469 unis
1124 3412 1254 3469 Hebraeis
1276 3421 1361 3469 antea

261 3492 439 3558 noscebatur,
455 3511 506 3550 rex
521 3493 571 3550 fiet
584 3493 710 3549 omnium
725 3511 821 3550 aarum
835 3493 993 3559 nationum,
1010 3512 1072 3568 quae
1085 3511 1123 3550 ex
1140 3493 1360 3549 universatem

261 3573 290 3629 in
312 3572 400 3648 ipsius
422 3572 507 3629 fidem
528 3573 675 3630 venerint:
698 3580 728 3629 et
748 3591 853 3629 nomen
874 3575 935 3648 ejus
957 3593 1044 3631 unum
1066 3574 1129 3638 erit,
1150 3572 1276 3630 ambiens
1298 3572 1360 3628 oni-

260 3671 372 3710 versam
386 3662 492 3709 terram
511 3662 539 3709 et
553 3653 744 3718 solitudinem,
759 3654 835 3727 quod
855 3654 968 3727 quidem
989 3654 1081 3729 ipsum
1103 3653 1151 3710 ubi
1170 3653 1232 3727 quis
1247 3653 1359 3718 viderit,

262 3733 308 3807 qui
317 3733 378 3790 fieri
386 3732 476 3807 possit
488 3744 518 3789 ut
528 3751 587 3788 non
596 3733 772 3790 admiretur?
788 3733 901 3790 Etenim
912 3753 929 3790 a
939 3733 1046 3791 Christi
1054 3734 1203 3797 vocabulo,
1215 3731 1361 3804 (Christus

261 3833 346 3888 porro
366 3814 427 3888 ipse
451 3813 591 3869 Dominus
609 3815 675 3882 eat)
696 3813 923 3869 Christianorum
945 3833 1048 3870 nomen
1070 3813 1222 3869 deductum
1245 3831 1360 3868 omnem

260 3893 352 3949 locum
367 3902 397 3950 et
410 3893 552 3950 civitatem
567 3901 597 3950 et
610 3893 756 3968 regionem
771 3895 901 3970 ipsasque
915 3894 945 3950 in
959 3892 1078 3951 desertis
1093 3894 1205 3968 orisque
1224 3892 1360 3948 extremis

261 3979 343 4027 terras
357 3973 518 4030 habitantes
532 3973 660 4030 nationes
675 3972 810 4039 circuivit,
825 3974 909 4030 fidem
925 3992 959 4030 ao
974 3973 1060 4032 modo
1074 3973 1181 4030 faciens
1196 3981 1225 4030 ot
1239 3990 1359 4029 consen-

261 4049 334 4105 tiens
348 4051 464 4124 hujusce
479 4053 633 4126 prophetia
649 4053 789 4109 vaticinio.
