3130 4722
258 234 324 306 696
549 189 561 213 ’
735 231 921 298 unsrun
1333 175 1500 307 p.348ss-

217 435 248 480 ιι
258 402 330 475 τῶν
355 394 451 474 ὅλων
475 395 495 472 ὁ
520 399 583 472 τοῦ
609 398 772 494 Χριστοῦ
801 393 944 495 λύχνος.
1005 389 1073 488 Εἷη
1102 389 1130 466 θ
1152 384 1197 466 ἀν
1225 385 1357 488 λύχνος

259 524 377 618 αὐτοῦ,
397 519 454 600 οἶα
478 527 600 624 νοεροῦ
624 517 755 624 φωτὸς,
773 515 815 598 τὸ
843 518 1062 620 ἀνθρώπειον
1090 517 1233 612 σκῆνος,
1252 512 1294 590 δι’
1315 509 1380 596 οὓς
1557 553 1558 630 γ

259 650 360 746 δίκην
378 645 612 749 ι’ὀστρακίνου
640 644 798 739 σκεύους,
817 641 941 745 ὥσπερ
966 641 1025 721 διὰ
1048 639 1193 744 λύχνου,
1213 636 1276 721 τάς
1294 644 1358 716 τοῦ
1557 637 1558 640 “

259 776 348 854 ἰδίου
367 771 486 879 φωτὸς
505 776 646 858 ἀκτῖνος
658 778 752 852 πᾶσι
768 778 842 855 τοῖς
854 773 892 848 ἐν
905 770 1032 874 ἀγνοίᾳ
1046 773 1142 847 Θεοῦ
1160 771 1218 844 καὶ
1236 762 1357 871 σκότῳ

220 907 366 998 ιεβαθεΐ
379 899 591 1003 πιεζομένοις
606 896 827 1005 ἐξέλαμψεν.
857 894 981 976 Ἀλλὰ
998 893 1070 996 γὰρ
1087 897 1145 973 καὶ
1166 895 1203 972 ἐν
1221 890 1358 973 τούτοις

259 1032 505 1133 ἀποδεδεῖχθαι
533 1033 663 1130 σαφῶς
694 1025 847 1127 ἡγοῦμαι
877 1019 971 1102 Θεὸν
994 1019 1129 1114 Ἰακὼβ
1157 1020 1217 1099 ἀπ’
1245 1021 1357 1121 ἀργργς
1370 1059 1400 1093 ιο
1557 1005 1558 1072 Ϊ

259 1160 318 1236 καὶ
342 1157 385 1264 ἐξ
408 1158 548 1259 ἡμερῶν
574 1151 798 1258 τυγχάνοντα
822 1158 947 1236 αίῶνος
970 1150 1171 1253 ἀνθρώποις
1189 1145 1357 1266 ἐπιδημὴ-

262 1317 349 1379 σειν,
369 1285 426 1362 καὶ
455 1281 739 1384 γεννηθήσεσθαι
765 1282 828 1359 ούκ
850 1277 1030 1382 ἀλλαχόθι
1056 1279 1123 1377 γῆς
1150 1275 1234 1352 ἀλλ’
1255 1271 1294 1372 οῆ
1318 1275 1357 1352 ἐν

263 1417 314 1517 τῷ
336 1409 426 1490 κατὰ
452 1407 617 1510 Βηθλεὲμ
640 1407 749 1515 τόιτῳ,
767 1405 858 1511 πρὸς
876 1411 949 1488 τοῖς
966 1402 1231 1506 Ἱεροσολύμοις
1249 1399 1358 1479 εἶσέτι

261 1540 319 1617 καὶ
337 1545 400 1618 νῦν
417 1534 681 1642 ἐπιδεικνυμένῳ
699 1534 828 1641 χωρίῳ,
842 1533 927 1611 ἔνθα
944 1531 1015 1609 οὐδ’
1036 1529 1151 1612 ἄλλος
1168 1525 1258 1625 μετὰ
1276 1523 1357 1608 τοῦς
1368 1558 1398 1606 ¹⁵

259 1672 331 1744 τῶν
348 1669 545 1768 προφητῶν
563 1661 708 1767 χρόνους
729 1657 903 1766 ἐπιφανὴς
921 1661 979 1737 καὶ
1000 1661 1049 1740 είς
1065 1653 1203 1738 πάντας
1220 1653 1357 1756 ἀνθρύ-

260 1825 349 1874 πους
378 1788 540 1894 ἐπίδοξος
572 1786 596 1887 ἢ
625 1784 733 1886 μόνος
757 1788 898 1886 Ἰησοῦς
923 1787 943 1864 ὁ
971 1781 1134 1885 Χριστὸς
1163 1779 1255 1883 πρὸς
1285 1786 1357 1860 τῶν
1365 1807 1398 1869 p·
1407 1803 1473 1869 349
1557 1833 1558 1836 =

260 1914 457 2019 ἐπιχωρίων
485 1910 653 1993 ἀπόντων
677 1910 881 1994 ἀκολούθως
905 1917 981 1994 ταῖς
1007 1910 1251 2009 εύαγγελικαῖς
1274 1910 1352 2010 φω-

218 2077 250 2120 ιι
260 2049 335 2126 ναῖς
353 2040 509 2143 γεγονὼς
526 2046 763 2142 μαρτυρεῖται.
812 2033 1064 2138 Ἑρμηνεύεται
1089 2033 1126 2112 δὲ
1149 2033 1172 2129 ἦ
1192 2030 1356 2131 Βηθλεὲμ

260 2167 347 2254 οἶκος
372 2168 478 2276 ipris,
498 2165 705 2273 φερόνυμος
729 2163 823 2243 οῦσα
845 2171 908 2242 τοῦ
933 2158 1172 2264 προελθόντος
1190 2158 1234 2265 ἐξ
1249 2159 1380 2256 αὐτῆςε

259 2298 425 2397 Σωτῆρος
462 2295 562 2393 ἡμῶν
599 2289 700 2373 ὄντος
737 2295 833 2369 Θεοῦ
870 2284 1002 2388 Λόγου,
1032 2290 1164 2392 ψυχῶν
1199 2290 1355 2384 λογικῶν

258 2426 457 2523 θρεπτικοῦ.
510 2417 565 2498 Ὃ
583 2421 641 2497 καὶ
661 2417 883 2519 παρίστησιν
908 2411 1013 2496 αὐτὸς
1032 2410 1265 2512 λε’γων,Ἐγῶ
1286 2417 1354 2514 εἰμι

217 2555 273 2626 4ιὸ
293 2544 390 2654 ἰίρτις
411 2553 425 2624 ὁ
445 2544 483 2624 ἐκ
501 2547 557 2623 τοῦ
576 2549 700 2650 ούρανοῦ
721 2541 898 2634 καταβάς.
937 2541 1044 2619 Ἀλλ’
1065 2537 1183 2636 ἐπειδὴ
1208 2539 1266 2615 καὶ
1291 2544 1355 2614 τοῦ

258 2674 380 2765 Δαβῖδ
396 2669 542 2772 γέγονεν
560 2671 648 2768 αὕτη
665 2669 804 2770 πατρίς,
822 2665 963 2749 είκότως
986 2669 1043 2745 καὶ
1071 2667 1091 2743 ὁ
1120 2661 1211 2742 κατὰ
1236 2659 1355 2763 σάρκα
1367 2693 1398 2727 ¹0

481 2852 498 2900 b
511 2856 575 2911 vid.
588 2873 669 2927 supra
682 2872 710 2926 p.
724 2851 807 2909 r88b
821 2869 865 2908 ιο.
975 2851 1085 2922 οἧοιιι.
1101 2851 1132 2905 Ρ.

257 2998 319 3054 Deo
341 2997 464 3054 universi
486 3005 642 3071 praeparata
662 3006 707 3054 εει
719 3020 725 3052 ι
748 2995 834 3054 fuerit
847 3004 941 3052 autem
956 2997 1018 3052 hoec
1031 2996 1146 3052 lucerna
1160 2994 1239 3068 quasi
1253 2993 1355 3051 intelli-

257 3077 351 3152 gibilis
372 3077 451 3142 lucis,
472 3077 628 3133 humanum
652 3096 763 3152 corpus,
783 3096 834 3152 per
855 3077 932 3151 quod
952 3076 1041 3134 instar
1061 3076 1179 3133 testacei
1193 3075 1277 3139 vasis,
1292 3083 1354 3131 tan-

258 3175 343 3231 quam
357 3175 408 3230 per
420 3157 576 3220 lucernam.
586 3158 692 3232 proprii
706 3158 819 3214 luminis
830 3157 924 3215 radios
938 3157 968 3213 in
982 3175 1089 3221 omnes,
1102 3156 1259 3231 quicunque
1273 3155 1356 3230 igno·

257 3237 350 3294 rantia
366 3236 420 3293 Dei
435 3248 464 3295 et
478 3237 625 3311 profundis
639 3239 764 3296 tenebris
777 3239 987 3313 premebantur,
1003 3237 1104 3295 emisit.
1142 3236 1254 3293 Etenim
1268 3236 1298 3292 in
1311 3235 1356 3292 his

258 3336 369 3393 quoque
384 3318 572 3375 demonstrari
586 3319 748 3393 planissime
761 3319 884 3376 arbitror
899 3319 993 3376 Deum
1006 3318 1106 3384 Jacob,
1122 3317 1169 3392 qui
1183 3315 1218 3373 ab
1232 3315 1313 3372 initio
1327 3325 1357 3372 et

257 3418 292 3456 ex
308 3399 406 3456 diebus
421 3399 516 3457 saeculi
530 3399 634 3465 existit,
649 3400 686 3457 ad
699 3399 829 3456 homines
844 3407 1002 3464 venturum,
1018 3406 1047 3455 et
1061 3399 1198 3455 oriturum
1218 3417 1276 3454 non
1290 3396 1356 3453 alibi

256 3489 395 3537 terrarum
419 3500 501 3554 quam
523 3480 552 3536 in
574 3481 722 3537 Bethleem
743 3480 816 3546 loco,
835 3480 882 3554 qui
903 3498 961 3536 non
980 3480 1078 3554 procul
1098 3478 1135 3536 ab
1151 3477 1357 3552 Hierosolymis

257 3561 342 3618 hodie
356 3580 467 3636 quoque
482 3561 590 3624 visitur.
606 3561 653 3617 ubi
675 3579 743 3618 sane
764 3579 822 3617 non
843 3559 913 3617 alius
935 3568 1000 3636 post
1012 3560 1214 3634 prophetarum
1228 3566 1357 3632 tempora

257 3642 373 3699 illustris
396 3651 425 3700 et
447 3641 520 3716 apud
543 3660 643 3699 omnes
665 3641 794 3698 homines
819 3641 910 3715 gloria
934 3641 1051 3697 celebris
1076 3659 1159 3714 quam
1181 3657 1254 3695 unus
1271 3639 1355 3696 Jesus

257 3722 388 3780 Christus
406 3723 442 3780 ab
462 3722 592 3779 omnibus
613 3723 674 3796 ejus
694 3721 750 3778 loci
771 3721 879 3786 incolis,
896 3721 956 3796 (qui
971 3720 1084 3795 quidem
1099 3721 1139 3777 sic
1152 3739 1217 3776 oum
1232 3737 1356 3792 evange-

256 3803 317 3860 licis
331 3804 448 3860 vocibus
469 3803 666 3874 concordant)
686 3809 771 3858 notus
792 3821 854 3859 esse
873 3801 1043 3877 perhibetur.
1086 3801 1140 3858 Est
1153 3807 1248 3857 autem
1264 3798 1353 3855 Beth·

256 3883 329 3942 leem
354 3903 388 3941 ex
411 3884 643 3958 interpretatione
664 3885 946 3957 domesticamque
966 3882 1007 3939 sic
1029 3881 1142 3957 quidem
1163 3880 1291 3955 ejusdem
1312 3886 1356 3935 εει

256 3965 379 4020 nominis
393 3983 458 4020 cum
472 3983 506 4020 eo
521 3964 614 4038 quide
628 3963 690 4038 ipsa
703 3962 847 4037 profectus
861 3974 913 4028 est.
925 3962 1073 4020 Salvatore
1087 3970 1196 4028 nostro,
1208 3960 1255 4036 qui
1269 3978 1355 4035 quum

257 4043 294 4100 sit
303 4045 356 4100 Dei
365 4043 491 4100 Verbum
506 4053 535 4102 et
549 4044 630 4109 ratio,
646 4044 808 4101 animalium
822 4043 1000 4100 rationalium
1015 4051 1059 4100 est
1072 4043 1255 4100 alimentum:
1272 4059 1355 4116 quam

122 4169 155 4188 .,
181 4151 198 4178 ι.
257 4141 317 4179 rem
339 4123 399 4195 ipse
422 4143 533 4196 quoque
557 4125 742 4188 demonstrat,
767 4125 814 4181 ubi
835 4125 884 4190 sit,
902 4124 966 4198 Ego
990 4143 1048 4180 sum
1071 4127 1151 4198 punis
1172 4125 1220 4197 qui
1241 4126 1275 4178 de
1292 4123 1355 4177 colo

258 4203 388 4256 descendi.
438 4201 545 4260 Verum
571 4205 703 4277 quoniam
730 4205 792 4261 haec
819 4206 917 4262 eadem
943 4205 1031 4278 ipsius
1057 4204 1148 4261 David
1174 4203 1266 4276 patria
1292 4201 1353 4264 fuit,

258 4279 359 4336 merito
373 4279 420 4352 qui
434 4280 543 4336 ratione
558 4283 688 4340 humanae
703 4293 810 4341 naturae
825 4285 916 4343 David
930 4285 1005 4342 filius
1019 4285 1081 4350 suit,
1097 4303 1132 4341 ex
1147 4284 1202 4341 hoc
1216 4283 1278 4358 ipso
1292 4283 1355 4338 loco
