3120 4716
245 227 310 290 oss
711 221 898 289 nusnnu
1325 224 1490 308 ,244⁶-

245 385 309 464 οῦκ
333 383 378 464 ἂν
402 385 539 487 γίνοιτο
563 387 763 493 ἀξιοπρεπῆ
790 385 979 486 θεολογίαν
996 381 1139 463 Ιδοκοῦν
1163 384 1373 490 περιέχειν,5

245 517 274 590 εί
293 515 350 591 ἐπὶ
376 520 440 591 τοῦ
465 511 635 592 ἀνωτάτω
654 517 751 592 Θεοῦ
775 517 834 590 καὶ
851 509 986 614 πατρὸς
1004 517 1077 590 τῶν
1094 510 1193 592 ὅλων
1210 514 1348 611 ἐκλαμ-

220 663 237 710 4
243 637 349 734 βαίνοι
366 673 419 722 τις
436 636 478 718 τῦ
498 638 636 741 λόγιον.
674 640 726 719 Τί
740 637 812 742 γὰρ
831 638 902 742 ἔχει
919 637 1056 736 σεμνὸν
1073 640 1132 718 καὶ
1150 636 1350 746 ἀξιόλογον

245 768 302 845 ἐπὶ
329 775 393 844 τοῦ
421 771 517 846 Θεοῦ
544 772 617 844 τῶν
644 765 741 846 ὅλων
768 772 974 869 περιπατεῖν
1001 765 1176 868 λέγεσθαι
1202 769 1260 846 ἐπὶ
1284 771 1350 866 τῆς

246 890 460 992 θαλάσσης;
492 899 569 975 πῶς
588 891 625 971 δὲ
645 894 702 972 καὶ
726 892 865 992 νοηθείη
893 893 1085 995 περίπατος
1110 893 1166 971 ἐπὶ
1190 897 1254 990 τῆς
1277 898 1346 972 θα·
1361 931 1394 965 ιο

246 1019 395 1118 λοίσσης
411 1028 476 1099 τοῦ
496 1018 543 1097 τὰ
567 1019 686 1100 πάντα
710 1020 945 1123 περιέχοντος,
964 1023 1023 1098 καὶ
1041 1017 1104 1099 τὸν
1122 1017 1273 1122 οὐρανὸν
1290 1024 1383 1100 καὶᾶ

246 1144 311 1245 την
339 1151 407 1246 γῆν
432 1153 666 1248 πληροῦντας,
686 1148 744 1224 καὶ
768 1148 958 1249 μονονουχὶ
979 1143 1195 1246 λε’γοντος,ο’
1225 1151 1350 1246 ιῦριινίς

245 1306 303 1376 μιν
334 1271 445 1378 θρίνις,
474 1307 492 1366 η
520 1265 556 1352 δὲ
583 1307 628 1372 γη
656 1267 833 1352 ὑποπίδιιι
860 1269 920 1350 reis
948 1266 1055 1352 πιθθίν
1082 1307 1170 1376 μους
1204 1273 1272 1366 καὶ,
1297 1271 1350 1351 τὶν

249 1393 370 1501 stipulis
400 1403 458 1476 nol
487 1394 540 1490 rin
564 1395 625 1497 pin
652 1396 721 1498 ἐγὼ
747 1394 876 1503 πληροῖ,
900 1397 994 1498 λέγει
1014 1394 1149 1501 Κθριιες
1183 1397 1231 1475 ‘O
1250 1395 1293 1476 δέ
1304 1430 1349 1498 γε

248 1521 376 1625 Σωτὴρ
395 1529 454 1602 καὶ
474 1521 606 1625 Κύριος
625 1524 726 1623 ἡμῶν
744 1523 856 1604 iecoris
876 1525 1035 1618 ιιενιίτιιε,
1052 1529 1111 1600 καὶ
1130 1520 1257 1628 poppis
1276 1519 1373 1610 διό-ε

246 1669 307 1728 λιυ
335 1647 468 1743 λα’βῦν,
499 1658 558 1730 καὶ
587 1652 743 1754 σχήματι
776 1647 904 1755 εὑρεθεὶς
936 1652 981 1734 ulf
1013 1645 1189 1754 ἄνθρωπος,
1221 1651 1349 1747 δεῖγμα

246 1779 310 1875 τῆς
328 1775 578 1876 λανθανούσης
601 1775 684 1859 τοῦς
706 1773 867 1860 πολλοῦς
891 1773 1011 1854 ἐνθέου
1036 1773 1216 1873 δυνάμεως
1240 1775 1349 1853 αὑτοῦ

245 1900 412 2006 παρέχων
431 1904 519 2005 ὁρᾶν
536 1911 609 1986 τοῖς
627 1905 753 1983 ἑαυτοῦ
770 1907 955 2002 μαθηταῖς,
974 1904 1032 1980 καὶ
1051 1906 1125 1983 τοῖς
1144 1898 1349 1981 θαλαττίοις

246 2029 466 2124 Ι”ε’πιβιιίνων
496 2029 631 2126 κύμασι
664 2031 722 2108 καὶ
754 2035 806 2136 τῷ
834 2027 986 2107 κλύδωνι
1015 2029 1074 2106 καὶ
1104 2032 1179 2110 τοῖς
1208 2023 1349 2124 ἀνέμοις
1359 2067 1392 2103 ιο

246 2157 414 2253 ἐπιτιμῶν
428 2155 703 2258 ἀναγεηιραπται,
717 2153 777 2234 ὅτε
795 2157 852 2234 καὶ
872 2159 904 2232 oi
923 2155 1072 2255 ὁρῶντες
1086 2150 1348 2258 ἐξεπλήττοντο

246 2279 422 2381 λε’γοντες,
452 2283 607 2367 neronis
633 2283 717 2361 ἐστιν
749 2281 850 2373 οὗτος,
874 2281 922 2360 ’ίτι
953 2287 1011 2359 καὶ
1042 2290 1069 2360 oi
1097 2278 1210 2381 ἄνεμοι
1242 2285 1301 2358 καὶ
1331 2281 1350 2370 si

247 2404 415 2486 θάλαττα
446 2412 536 2514 αὐτῷ
563 2414 830 2501 ιιὑπιωιιιίιυτιις
865 2401 943 2485 Ἦν
962 2405 999 2485 δὲ
1021 2409 1080 2485 καὶ
1102 2413 1206 2484 τοῦτο
1230 2404 1350 2483 ἄλλου

246 2531 341 2616 τινὸς
368 2531 523 2635 μείῷνος
545 2533 748 2632 σύμβολον,
778 2528 967 2632 νοουμένης
995 2532 1113 2633 ἑτέρας
1142 2528 1388 2644 θαλάσοης,ιε

248 2663 285 2740 ἐν
310 2657 333 2765 ᾗ
357 2660 500 2763 λέγεται
523 2659 663 2764 δράκων
691 2694 746 2745 τις
770 2658 857 2740 εἶναι
874 2659 1109 2759 πεποιημένος
1127 2660 1347 2760 ἐγκαταπαί·

289 2841 299 2885 ¹
312 2847 408 2919 δοκεῖν]
425 2847 517 2901 δοκοῦν
531 2846 561 2900 P.
657 2857 680 2890 ¹1¹
696 2845 848 2919 ε’πιβοίνων]
866 2846 1007 2910 ίπιβαίνειν
1021 2845 1082 2901 P.S.
1180 2842 1347 2918 1διίιιίιιιοιίει]

249 2925 423 2980 ιἰποκοῦονσιν
439 2927 469 2982 Ρ.

249 3096 308 3134 non
321 3080 426 3152 poterit
440 3087 470 3136 ut
480 3080 543 3138 Deo
557 3080 771 3137 convenientem
782 3079 956 3156 theologiam
970 3079 1212 3156 comprehendere
1220 3078 1350 3136 videatur

249 3159 403 3225 oraculum,
422 3159 446 3216 si
467 3161 529 3234 quis
549 3161 618 3218 illud
639 3159 674 3218 de
695 3179 827 3235 supremo
841 3161 903 3217 Deo
922 3171 951 3218 et
965 3169 1046 3239 putre
1059 3159 1183 3217 universi
1197 3159 1349 3234 intelliget.

250 3237 327 3307 Quid
341 3240 416 3296 enim
430 3242 620 3298 venerationis
634 3249 683 3297 aut
697 3241 844 3316 dignitatis
860 3241 964 3298 hebent
982 3241 1005 3297 si
1020 3241 1098 3297 Deus
1112 3240 1235 3298 universi
1249 3241 1349 3297 smbu·

248 3319 307 3376 lare
321 3319 350 3376 io
366 3320 437 3376 mori
451 3321 582 3378 dicatur?
596 3320 754 3395 cujusmodi
769 3329 863 3378 autem
878 3321 1031 3378 ambulatio
1045 3320 1075 3376 in
1089 3321 1160 3378 mari
1175 3320 1351 3396 intelligetur

249 3400 332 3466 illius,
347 3401 395 3476 qui
409 3401 503 3459 omnis
516 3401 722 3476 complectitur,
738 3419 771 3458 ac
792 3402 894 3458 colum
913 3410 1073 3476 terramque
1092 3401 1224 3474 complet,
1239 3409 1268 3458 et
1281 3419 1348 3476 pro·

248 3483 402 3555 pemodum
429 3483 506 3548 dicit,
534 3483 635 3539 Colum
662 3481 931 3546 mulsedonum
958 3490 1051 3540 outem
1077 3481 1225 3538 entellum
1249 3484 1350 3556 ριθιιιιι

249 3565 397 3620 meorum?
418 3563 500 3628 Item,
513 3565 612 3620 Culum
626 3569 652 3618 et
667 3569 769 3618 terrum
783 3581 833 3637 ερο
846 3563 944 3636 impleo
957 3564 1022 3619 dicit
1035 3563 1198 3620 Dmuisesl’
1218 3561 1350 3620 Solvotor

131 3685 137 3697 .
159 3687 166 3706 ‚
191 3683 196 3698 .
249 3650 342 3699 autem
358 3662 391 3700 sc
405 3643 546 3700 Dominus
560 3653 666 3708 noster,
681 3660 767 3716 quum
781 3644 895 3713 seipsum
909 3642 1081 3699 evacuaverit
1099 3649 1127 3698 et
1138 3643 1263 3717 smmum
1276 3642 1350 3698 nme·

248 3726 389 3796 occeperit,
403 3731 430 3779 et
444 3724 540 3781 lubitu
554 3727 678 3781 inuentus
690 3724 725 3779 rit
739 3731 769 3779 ut
784 3723 872 3786 Ιιουιο,
884 3723 951 3778 dum
966 3723 1079 3796 signum
1093 3721 1155 3795 ejus
1169 3741 1232 3796 quse
1243 3721 1349 3778 multos

247 3802 354 3860 latebat
378 3803 480 3861 diviuae
498 3804 610 3862 virtutis
631 3821 689 3860 suae
709 3802 860 3860 ridendum
884 3803 942 3858 suia
961 3803 1069 3876 praebet
1091 3801 1243 3876 discipulis,
1263 3819 1350 3876 super

247 3883 373 3940 marinos
400 3885 503 3942 fluctus
533 3884 681 3942 incessisse
714 3890 743 3938 et
772 3890 971 3956 tempestatem
998 3891 1156 3956 ventosque
1187 3880 1349 3940 cohibuisse

246 3962 366 4036 publicae
381 3963 527 4038 scripturae
541 3963 704 4021 testimonio
719 3961 810 4019 dictus
824 3971 877 4028 est,
893 3981 949 4038 quo
962 3970 1092 4037 tempore
1105 3962 1135 4029 ii,
1150 3962 1199 4037 qui
1215 3961 1283 4018 tolie
1303 3961 1347 4018 in-

246 4042 407 4107 tuebantur,
429 4044 665 4119 obstupescebant
686 4043 822 4108 diceutes,
844 4044 912 4107 Quia
931 4051 972 4100 eet
992 4043 1037 4100 λὶς
1059 4047 1103 4100 eut
1127 4045 1199 4100 οιιιιι·
1220 4060 1349 4118 moreque

247 4120 458 4195 obtemperant?
480 4125 578 4180 Fuerit
591 4143 658 4181 vero
672 4123 728 4180 hoc
741 4124 827 4180 etiam
846 4123 961 4182 alterius
980 4123 1136 4198 cujusdam,
1151 4121 1229 4197 quod
1242 4121 1348 4179 intelli.

248 4198 335 4270 gitur,
360 4200 491 4256 vastioris
515 4203 601 4258 muris
627 4203 750 4277 signum,
775 4203 805 4258 iu
829 4221 885 4277 quo
908 4204 993 4260 draco
1016 4203 1130 4278 quidam
1154 4221 1217 4260 esse
1243 4202 1347 4258 dicitur

247 4276 337 4332 laotos
352 4284 384 4332 ut
398 4277 426 4332 in
440 4296 504 4334 eum
521 4280 639 4336 illudent
660 4281 755 4354 angeli
769 4281 835 4347 Dei,
851 4301 936 4358 super
958 4302 1013 4357 quo
1033 4283 1101 4342 item
1121 4281 1191 4339 meri
1213 4281 1349 4339 Salvator
