3130 4722
43 291 97 303 —-
107 257 205 344 385.
454 267 682 336 DEMONS'I'.
707 271 875 338 EVANG.
901 274 1001 338 VIII.
1014 295 1042 341 a.
1259 275 1324 344 767

219 430 350 534 ζῶντος
374 437 432 513 καὶ
461 438 643 535 ἀληθινοῦ,
663 439 705 518 οῦ
729 440 843 519 τόπον
868 442 971 545 ἔφερε
997 441 1039 520 τὸ
1067 439 1166 541 παρὰ
1191 448 1327 522 Μωσεῖ

218 561 512 642 κατασκευασθὲν
541 564 763 666 ἱλαστήριον,
790 567 892 650 οὗτος
919 567 958 646 δὲ
984 565 1029 665 ἧν
1055 569 1074 646 ὸ
1105 567 1234 672 Σωτὴρ
1262 573 1321 650 καὶ

221 681 354 784 Κύριος
384 685 495 784 ἡμῶν,
520 687 540 765 ὁ
567 684 677 786 ἀμνὸς
704 697 768 768 τοῦ
794 694 902 787 θεοῦ,
919 695 1000 792 περὶ
1026 691 1068 771 οὗ
1095 691 1238 794 εἴρηται,
1256 686 1321 771 ’lii

169 817 253 888 2⁴¹5
273 809 379 910 ιίμνὸς
399 815 454 890 τοῦ
472 814 558 892 Θεοῦ
586 822 605 894 ἱ·
630 817 724 920 αἴραν
743 813 796 906 τὸν
813 818 985 922 ἁμαρτίαι
1004 821 1059 896 τοῦ
1089 821 1231 914 κόσμου·
1261 821 1343 897 auis

216 934 340 1032 πάλιν,
369 934 469 1023 αὐτὸς
496 941 650 1044 ἱλασμίς
680 941 750 1020 ε’στι
780 952 853 1047 περὶ
882 939 943 1020 τιὸι
967 941 1137 1048 ιὶμοιρτιιὸν
1161 944 1261 1048 ipat,
1286 949 1320 1025 οῦ

217 1069 287 1167 περὶ
309 1060 369 1142 τεὸν
383 1063 537 1171 ›ipe-repon
552 1061 589 1145 δὲ
601 1066 704 1169 μίνον,
717 1065 820 1147 οἱλλὸι
841 1076 900 1146 καὶ
920 1077 992 1175 περὶ
1011 1069 1088 1149 ἰ’λον
1106 1072 1162 1148 τοῦ
1182 1073 1319 1173 κόσμου,

217 1184 323 1271 αι’σὸι
340 1185 389 1267 οῦν
408 1193 466 1268 καὶ
484 1190 745 1292 ἀπολύτρωσις,
760 1192 853 1271 κατὰ
870 1191 934 1272 τὸν
949 1198 1100 1272 Παῦλον
1116 1193 1318 1298 φάσκοντα,

215 1313 251 1396 ’ὸς
269 1311 392 1412 ἐγενηθη
418 1320 528 1421 σοφία
556 1320 628 1419 ἡμῖν
651 1317 724 1397 dari
744 1321 838 1413 Θεοῦ,
858 1313 1045 1412 δικαιοσύνη
1064 1354 1100 1398 τι
1120 1328 1179 1400 nai
1203 1327 1313 1420 ιὶγιοι·
1331 1347 1360 1386 ¹0

214 1444 303 1542 σμὸς
333 1447 391 1520 irai
420 1443 665 1547 ἀπολύτρωσις·
706 1443 846 1528 εἰκότως
877 1443 944 1543 τὴν
973 1446 1176 1546 παρουσίαν
1210 1449 1319 1524 αὑτοῦ

215 1566 306 1662 ὁμοῦ
334 1565 399 1664 μὲν
425 1567 694 1671 συμπλήρωσιν
725 1573 784 1649 καὶ
810 1571 997 1649 τελείωσιν
1027 1571 1201 1673 ἁμαρτίας
1231 1566 1319 1650 εἶναι

215 1694 379 1772 διδάσκει
394 1701 466 1774 τῶν
483 1700 531 1778 εἱς
550 1695 657 1774 αὐτὸν
679 1696 921 1795 ἠσεβηκότων,
940 1697 1029 1793 ὁμοῦ
1056 1695 1093 1774 δὲ
1118 1693 1346 1802 ἆπᾶλειψινῦ

216 1822 274 1897 καὶ
299 1819 525 1920 καθαρισμὸν
548 1821 740 1925 ἁμαρτιῶν,
758 1823 815 1900 καὶ
841 1825 984 1901 ἀδικιῶν
1003 1820 1163 1919 ἱλασμὸν
1179 1828 1252 1900 τῶν
1270 1829 1319 1906 eis

172 1941 325 2028 ἐαῦτὸν
348 1943 646 2026 πεπιστευκότων.
709 1950 781 2026 Καὶ
809 1944 1009 2031 ὁἋκύλαι
1033 1945 1081 2042 δὲ,
1101 1949 1156 2026 τοῦ
1180 1949 1318 2027 τιλέσοιι

215 2068 268 2161 τὸν
287 2069 422 2152 ω’θεσίιιν
447 2081 507 2151 itai
532 2076 588 2152 τοῦ
610 2074 788 2154 τιλειιῦσιιι
815 2072 867 2166 την
894 2077 1064 2179 ἁμαρτίαι
1089 2072 1209 2170 εἰπὼν,
1226 2072 1316 2172 ἐπή-

214 2228 305 2296 γαγε
324 2193 378 2292 τὸ,
391 2200 445 2276 τοῦ
464 2196 692 2302 §gratentur
712 2202 864 2304 ἀνομίαν,
880 2205 1012 2304 σαφῶς
1031 2197 1191 2296 ἱλασμὸν
1209 2197 1340 2280 αῦτὸνε

213 2318 300 2400 εἶναι
321 2321 443 2423 τοὶοηι
461 2326 609 2422 ἀνομίαι
625 2329 689 2424 τῆς
708 2324 823 2404 πάλαι
846 2323 938 2404 κατὰ
963 2325 1110 2427 ἄγνοιαν
1128 2324 1317 2424 γενομένης

214 2448 470 2546 ῦιτοτιθέμενοι.
529 2451 642 2557 Ἑξῆς·
669 2451 806 2534 τούτοις
836 2451 980 2553 εἴρητα,
1008 2453 1064 2530 τοῦ
1092 2455 1241 2552 ιὶγιιγεὶν
1269 2446 1319 2530 δι-

173 2574 384 2666 ιοιιοιιοσιίνηι
422 2576 556 2656 οιὶιίιιον.
608 2574 722 2656 Ἔστι
753 2576 819 2676 μὲν
852 2578 915 2657 οῦν
942 2575 1048 2658 αὐτὸς
1077 2578 1097 2654 ὸ
1126 2583 1191 2655 τοῦ
1223 2580 1319 2654 Θεοῦ

215 2697 336 2798 Λόγοι·
367 2700 505 2786 uiuum
534 2702 752 2800 δικαιοσύνη,
781 2707 817 2786 ‘it
846 2699 968 2804 ἐγενήθη
996 2702 1105 2807 σοφία
1141 2704 1215 2804 ἡμῖν
1245 2703 1317 2781 cirri
1330 2736 1359 2769 ιο

215 2828 310 2920 Θεοῦ,
332 2821 517 2920 δικαιοσύνη
536 2863 572 2907 τε
596 2835 655 2907 noi
675 2827 855 2932 ιἰγιοισμὸς
878 2835 937 2906 καὶ
958 2824 1206 2931 αὀτιλῦτρωσις,
1226 2823 1318 2904 κατὰ

680 2979 800 3034 rtadd.
818 2981 849 3034 P.

211 3103 276 3161 riva
288 3121 411 3178 veraque
424 3104 574 3180 indigeret,
592 3107 685 3180 (eujus
699 3107 819 3181 figuram
835 3107 953 3181 gerebat
967 3107 996 3164 id
1014 3105 1090 3181 quod
1112 3105 1187 3181 apud
1201 3103 1316 3166 Mosen

140 3251 145 3260 ¹
211 3191 405 3240 constructum
428 3194 545 3242 vocatur
570 3186 822 3262 propitiatorium)
845 3187 923 3244 nulla
948 3195 1043 3244 autem
1066 3186 1229 3261 propitiatio
1251 3186 1317 3243 viva

211 3282 334 3337 veraque
355 3273 430 3322 esset
451 3265 506 3322 nisi
527 3265 659 3324 Salvator
675 3275 704 3322 et
724 3266 864 3323 Dominus
885 3275 992 3331 noster,
1009 3267 1055 3323 ille
1070 3265 1175 3341 Agnus
1196 3267 1258 3332 Dei,
1279 3267 1315 3324 de

211 3361 267 3418 qno
294 3344 401 3401 dietum
430 3354 482 3409 est,
506 3345 580 3403 Ecce
600 3349 697 3420 Agnae
720 3347 778 3402 Dei
796 3349 842 3418 qui
864 3348 937 3403 toltit
960 3354 1077 3418 peccata
1102 3349 1215 3402 mundi.-
1247 3363 1314 3402 nam

210 3441 308 3480 rursus
321 3425 397 3482 idem
409 3426 571 3500 propitiatio
587 3434 625 3482 ert
639 3443 695 3501 pro
712 3427 832 3499 peccatis
844 3429 952 3492 austria,
966 3443 1015 3482 aec
1026 3443 1079 3498 pro
1093 3426 1193 3480 nostrie
1207 3432 1313 3481 tantum

210 3502 271 3578 ipse
292 3513 336 3561 est
357 3505 478 3579 pretium
498 3524 531 3562 ao
553 3505 787 3579 redemptioni!
809 3507 891 3560 etiam
912 3523 964 3577 pra
986 3507 1069 3559 totius
1093 3505 1195 3570 maadi,
1216 3511 1250 3559 ut
1273 3503 1313 3562 ait

210 3583 364 3657 apostolus.
382 3584 438 3649 Qui
448 3585 549 3661 factae
561 3595 611 3650 ert,
626 3584 726 3659 inquit.
741 3585 874 3655 rapientia
888 3584 964 3639 ιιοδίι
978 3602 995 3639 ο
1010 3584 1083 3646 Deo,
1096 3583 1266 3658 justitiaque
1285 3593 1314 3641 et

209 3665 390 3739 monfioatio
416 3674 443 3722 et
469 3668 638 3738 rederaptio:
673 3663 776 3722 merito
806 3664 867 3738 ejus
895 3663 1047 3719 adventum
1075 3662 1158 3719 simul
1186 3662 1310 3736 comple·
1365 3669 1387 3734 ξ’·

211 3754 337 3801 mentum
352 3744 609 3819 perfectionemque
623 3745 731 3819 peecati
745 3763 807 3802 esse
821 3744 906 3801 docet
919 3761 1027 3810 eorum,
1043 3743 1090 3818 qui
1105 3749 1204 3798 eontra
1218 3741 1311 3816 ipsum

209 3822 287 3897 impii
309 3824 432 3890 fuerunt,
458 3825 541 3881 simul
563 3825 768 3882 abstersionem
790 3833 820 3881 et
842 3823 1041 3900 purgationem
1068 3830 1259 3898 peecatorum,
1281 3833 1311 3881 et

209 3902 409 3977 injustitiarum
433 3905 625 3980 expiationem
648 3923 756 3970 eorum,
785 3905 832 3979 qui
855 3905 884 3960 in
907 3905 999 3981 ipsum
1021 3902 1221 3961 erediderunt:
1243 3921 1310 3962 nam

209 4001 295 4056 quum
319 3984 424 4058 Aquila
450 3987 489 4041 ad
515 3987 752 4042 consummandam
773 3985 1026 4058 prevaricationem
1050 3992 1077 4041 et
1093 3985 1180 4054 ‚tinem
1198 3991 1311 4056 peccato

208 4065 398 4139 imponendum
413 4064 525 4127 dixerit.
540 4072 600 4120 tum
623 4063 691 4121 illud
712 4065 826 4138 adjecit,
844 4073 873 4120 et
894 4066 930 4119 ad
948 4066 1109 4138 capiundum
1130 4065 1310 4136 iniquitatem,

209 4143 249 4200 sio
262 4143 346 4217 plane
358 4144 438 4201 illum
453 4145 544 4201 omnia
559 4144 723 4218 miquitatis,
740 4163 802 4218 quae
824 4143 892 4200 olim
914 4161 965 4216 per
981 4142 1172 4217 ignorantiam
1186 4143 1312 4198 admissa

209 4223 255 4290 sit,
280 4224 470 4298 expiationem
493 4242 555 4281 esee
579 4241 631 4298 pro
656 4241 792 4281 concesso
817 4241 942 4278 sumens.
984 4222 1053 4279 Post
1075 4222 1137 4294 ipsa
1156 4221 1219 4277 hoeo
1242 4221 1312 4280 illud

209 4303 344 4376 sequitur,
362 4303 399 4360 Ut
413 4301 680 4374 Iudaeatarjartitia
694 4306 867 4377 sempitmta.
895 4301 949 4358 Est
963 4319 1030 4358 sane
1045 4301 1104 4376 ipse
1118 4300 1172 4357 Dei
1182 4299 1311 4356 Verbum
