<?xml version="1.0" encoding="UTF-8"?>
<!DOCTYPE html PUBLIC "-//W3C//DTD XHTML 1.0 Transitional//EN"
    "http://www.w3.org/TR/xhtml1/DTD/xhtml1-transitional.dtd">
<html xmlns="http://www.w3.org/1999/xhtml" xml:lang="en" lang="en">
 <head>
  <title>
</title>
<meta http-equiv="Content-Type" content="text/html;charset=utf-8" />
  <meta name='ocr-system' content='tesseract 3.04.00' />
  <meta name='ocr-capabilities' content='ocr_page ocr_carea ocr_par ocr_line ocrx_word'/>
</head>
<body>
  <div class='ocr_page' id='page_1' title='image "./evangelicaedemo00donagoog/evangelicaedemo00donagoog_0368.png"; bbox 0 0 3120 4716; ppageno 0'>
   <div class='ocr_carea' id='block_1_1' title="bbox 51 225 1309 300">
    <p class='ocr_par' dir='ltr' id='par_1_1' title="bbox 51 225 1309 300">
     <span class='ocr_line' id='line_1_1' title="bbox 51 225 1309 300; baseline -0.009 -1"><span class='ocrx_word' id='word_1_1' title='bbox 51 231 196 300; x_wconf 81' lang='lat'>-445·</span> <span class='ocrx_word' id='word_1_2' title='bbox 446 225 676 293; x_wconf 81' lang='lat' dir='ltr'><strong>DEMONST.</strong></span> <span class='ocrx_word' id='word_1_3' title='bbox 699 226 869 292; x_wconf 78' lang='lat' dir='ltr'><strong>EVANo.</strong></span> <span class='ocrx_word' id='word_1_4' title='bbox 891 227 959 292; x_wconf 91' lang='lat' dir='ltr'><strong>IX.</strong></span> <span class='ocrx_word' id='word_1_5' title='bbox 978 246 1028 291; x_wconf 86' lang='grc' dir='ltr'><strong>ιι.</strong></span> <span class='ocrx_word' id='word_1_6' title='bbox 1247 227 1309 289; x_wconf 88' lang='grc'><strong>881</strong></span> 
     </span>
    </p>
   </div>
   <div class='ocr_carea' id='block_1_2' title="bbox 183 389 1425 1509">
    <p class='ocr_par' dir='ltr' id='par_1_2' title="bbox 183 389 1425 1509">
     <span class='ocr_line' id='line_1_2' title="bbox 208 389 1312 502; baseline 0.002 -30"><span class='ocrx_word' id='word_1_7' title='bbox 208 389 373 493; x_wconf 79' lang='grc' dir='ltr'>θρόπονς</span> <span class='ocrx_word' id='word_1_8' title='bbox 401 396 610 502; x_wconf 83' lang='grc' dir='ltr'>ε’πιφιὶνειαν</span> <span class='ocrx_word' id='word_1_9' title='bbox 640 403 832 478; x_wconf 86' lang='grc' dir='ltr'>ποιεῖσθαι·</span> <span class='ocrx_word' id='word_1_10' title='bbox 870 405 977 477; x_wconf 84' lang='grc' dir='ltr'>τοῦτο</span> <span class='ocrx_word' id='word_1_11' title='bbox 1006 399 1035 476; x_wconf 83' lang='grc' dir='ltr'><strong>δ’</strong></span> <span class='ocrx_word' id='word_1_12' title='bbox 1063 394 1118 496; x_wconf 86' lang='grc' dir='ltr'><strong>ἦν,</strong></span> <span class='ocrx_word' id='word_1_13' title='bbox 1146 397 1312 475; x_wconf 75' lang='grc' dir='ltr'>άσθείιεια</span> 
     </span>
     <span class='ocr_line' id='line_1_3' title="bbox 207 517 1309 630; baseline 0.001 -33"><span class='ocrx_word' id='word_1_14' title='bbox 207 517 407 620; x_wconf 80' lang='grc' dir='ltr'>ἀνθρώπων</span> <span class='ocrx_word' id='word_1_15' title='bbox 449 525 508 602; x_wconf 80' lang='grc' dir='ltr'><strong>καὶ</strong></span> <span class='ocrx_word' id='word_1_16' title='bbox 552 527 614 623; x_wconf 81' lang='grc' dir='ltr'><strong>τῆς</strong></span> <span class='ocrx_word' id='word_1_17' title='bbox 655 524 853 628; x_wconf 90' lang='grc' dir='ltr'>κρείττονος</span> <span class='ocrx_word' id='word_1_18' title='bbox 894 524 1042 630; x_wconf 77' lang='grc' dir='ltr'>θεωρίας</span> <span class='ocrx_word' id='word_1_19' title='bbox 1082 521 1309 622; x_wconf 75' lang='grc' dir='ltr'>παραίτησις.</span> 
     </span>
     <span class='ocr_line' id='line_1_4' title="bbox 183 640 1313 750; baseline 0.001 -27"><span class='ocrx_word' id='word_1_20' title='bbox 183 640 325 750; x_wconf 78' lang='grc' dir='ltr'>ς”Εχεις</span> <span class='ocrx_word' id='word_1_21' title='bbox 341 655 532 750; x_wconf 83' lang='grc' dir='ltr'>τοιγαροῦν</span> <span class='ocrx_word' id='word_1_22' title='bbox 549 651 608 728; x_wconf 85' lang='grc' dir='ltr'>καί</span> <span class='ocrx_word' id='word_1_23' title='bbox 631 648 697 748; x_wconf 80' lang='grc' dir='ltr'>τήν</span> <span class='ocrx_word' id='word_1_24' title='bbox 716 650 831 729; x_wconf 89' lang='grc' dir='ltr'>αἰτίαν</span> <span class='ocrx_word' id='word_1_25' title='bbox 848 651 912 747; x_wconf 80' lang='grc' dir='ltr'><strong>τῆς</strong></span> <span class='ocrx_word' id='word_1_26' title='bbox 929 645 1231 750; x_wconf 79' lang='grc' dir='ltr'>ε’νανθρωπήσεως</span> <span class='ocrx_word' id='word_1_27' title='bbox 1248 653 1313 725; x_wconf 82' lang='grc' dir='ltr'>τοῦ</span> 
     </span>
     <span class='ocr_line' id='line_1_5' title="bbox 207 772 1425 880; baseline 0.003 -29"><span class='ocrx_word' id='word_1_28' title='bbox 207 772 462 876; x_wconf 72' lang='grc' dir='ltr'>θεσπιζομένου</span> <span class='ocrx_word' id='word_1_29' title='bbox 499 772 699 880; x_wconf 87' lang='grc' dir='ltr'>προφήτου.</span> <span class='ocrx_word' id='word_1_30' title='bbox 759 772 917 858; x_wconf 79' lang='grc' dir='ltr'>Εἰκότως</span> <span class='ocrx_word' id='word_1_31' title='bbox 943 773 1005 853; x_wconf 83' lang='grc' dir='ltr'><strong>οὖν</strong></span> <span class='ocrx_word' id='word_1_32' title='bbox 1041 775 1351 874; x_wconf 72' lang='grc' dir='ltr'>προσδοκῶντεςρ.</span> <span class='ocrx_word' id='word_1_33' title='bbox 1361 799 1425 866; x_wconf 85' lang='grc'><strong>445</strong></span> 
     </span>
     <span class='ocr_line' id='line_1_6' title="bbox 208 897 1312 1005; baseline -0.002 -27"><span class='ocrx_word' id='word_1_34' title='bbox 208 897 316 979; x_wconf 79' lang='grc' dir='ltr'>αὐτόν</span> <span class='ocrx_word' id='word_1_35' title='bbox 352 904 385 980; x_wconf 84' lang='grc' dir='ltr'><strong>οἰ</strong></span> <span class='ocrx_word' id='word_1_36' title='bbox 422 904 460 981; x_wconf 79' lang='grc' dir='ltr'><strong>ἐκ</strong></span> <span class='ocrx_word' id='word_1_37' title='bbox 501 905 691 1005; x_wconf 81' lang='grc' dir='ltr'>περιτομῆς</span> <span class='ocrx_word' id='word_1_38' title='bbox 732 899 970 981; x_wconf 81' lang='grc' dir='ltr'>ἐπυνθάνοντο</span> <span class='ocrx_word' id='word_1_39' title='bbox 1007 907 1071 979; x_wconf 84' lang='grc' dir='ltr'>τοῦ</span> <span class='ocrx_word' id='word_1_40' title='bbox 1106 905 1312 994; x_wconf 77' lang='grc' dir='ltr'>βαπτιστοῦ</span> 
     </span>
     <span class='ocr_line' id='line_1_7' title="bbox 207 1022 1307 1132; baseline -0.004 -26"><span class='ocrx_word' id='word_1_41' title='bbox 207 1025 383 1126; x_wconf 76' lang='grc' dir='ltr'>Ἰωάννου,</span> <span class='ocrx_word' id='word_1_42' title='bbox 403 1032 461 1107; x_wconf 83' lang='grc' dir='ltr'><strong>καὶ</strong></span> <span class='ocrx_word' id='word_1_43' title='bbox 488 1027 669 1129; x_wconf 76' lang='grc' dir='ltr'>ἕλεγον,ι’</span> <span class='ocrx_word' id='word_1_44' title='bbox 698 1030 868 1132; x_wconf 74' lang='grc' dir='ltr'>προφήτας</span> <span class='ocrx_word' id='word_1_45' title='bbox 896 1025 928 1108; x_wconf 82' lang='grc' dir='ltr'><strong>εἰ</strong></span> <span class='ocrx_word' id='word_1_46' title='bbox 952 1025 996 1106; x_wconf 82' lang='grc' dir='ltr'>τό</span> <span class='ocrx_word' id='word_1_47' title='bbox 1006 1066 1015 1120; x_wconf 88' lang='lat'>;</span> <span class='ocrx_word' id='word_1_48' title='bbox 1051 1035 1067 1106; x_wconf 81' lang='grc' dir='ltr'><strong><em>ὁ</em></strong></span> <span class='ocrx_word' id='word_1_49' title='bbox 1096 1022 1131 1105; x_wconf 79' lang='grc' dir='ltr'>δί</span> <span class='ocrx_word' id='word_1_50' title='bbox 1160 1025 1235 1130; x_wconf 78' lang='grc' dir='ltr'>ἔφη,</span> <span class='ocrx_word' id='word_1_51' title='bbox 1262 1024 1307 1103; x_wconf 78' lang='grc' dir='ltr'><strong>οὔ.</strong></span> 
     </span>
     <span class='ocr_line' id='line_1_8' title="bbox 206 1151 1310 1255; baseline 0.001 -22"><span class='ocrx_word' id='word_1_52' title='bbox 206 1151 314 1233; x_wconf 86' lang='grc' dir='ltr'>Ἀλλ’</span> <span class='ocrx_word' id='word_1_53' title='bbox 340 1156 360 1234; x_wconf 89' lang='grc' dir='ltr'><strong><em>ὁ</em></strong></span> <span class='ocrx_word' id='word_1_54' title='bbox 389 1152 557 1254; x_wconf 80' lang='grc' dir='ltr'>Ἰωάννης</span> <span class='ocrx_word' id='word_1_55' title='bbox 580 1153 761 1255; x_wconf 68' lang='grc' dir='ltr'><strong>8τοίληθές</strong></span> <span class='ocrx_word' id='word_1_56' title='bbox 788 1155 987 1254; x_wconf 85' lang='grc' dir='ltr'>ὁμολογῶν,</span> <span class='ocrx_word' id='word_1_57' title='bbox 1016 1154 1096 1233; x_wconf 70' lang='grc' dir='ltr'>οὔτε</span> <span class='ocrx_word' id='word_1_58' title='bbox 1122 1151 1310 1254; x_wconf 82' lang='grc' dir='ltr'>προφήτης</span> 
     </span>
     <span class='ocr_line' id='line_1_9' title="bbox 207 1276 1333 1384; baseline 0.002 -26"><span class='ocrx_word' id='word_1_59' title='bbox 207 1276 295 1359; x_wconf 86' lang='grc' dir='ltr'>εἰναι</span> <span class='ocrx_word' id='word_1_60' title='bbox 313 1279 507 1384; x_wconf 73' lang='grc' dir='ltr'>ἠρνήσατο,</span> <span class='ocrx_word' id='word_1_61' title='bbox 521 1279 566 1382; x_wconf 73' lang='grc' dir='ltr'><strong>ἦν</strong></span> <span class='ocrx_word' id='word_1_62' title='bbox 579 1279 660 1384; x_wconf 78' lang='grc' dir='ltr'>γὰρ,</span> <span class='ocrx_word' id='word_1_63' title='bbox 675 1278 777 1360; x_wconf 77' lang='grc' dir='ltr'>ἀλλὰ</span> <span class='ocrx_word' id='word_1_64' title='bbox 793 1278 835 1359; x_wconf 81' lang='grc' dir='ltr'>τὸ</span> <span class='ocrx_word' id='word_1_65' title='bbox 855 1279 961 1363; x_wconf 81' lang='grc' dir='ltr'>αὐτὸς</span> <span class='ocrx_word' id='word_1_66' title='bbox 979 1277 1066 1360; x_wconf 87' lang='grc' dir='ltr'>εἰναι</span> <span class='ocrx_word' id='word_1_67' title='bbox 1084 1279 1104 1358; x_wconf 88' lang='grc' dir='ltr'>ὁ</span> <span class='ocrx_word' id='word_1_68' title='bbox 1122 1277 1333 1384; x_wconf 76' lang='grc' dir='ltr'>προφήτηςι</span> 
     </span>
     <span class='ocr_line' id='line_1_10' title="bbox 208 1401 1312 1509; baseline 0.004 -25"><span class='ocrx_word' id='word_1_69' title='bbox 208 1404 336 1509; x_wconf 79' lang='grc' dir='ltr'>ὁπρίις</span> <span class='ocrx_word' id='word_1_70' title='bbox 354 1416 418 1486; x_wconf 84' lang='grc' dir='ltr'>τοῦ</span> <span class='ocrx_word' id='word_1_71' title='bbox 439 1406 605 1492; x_wconf 75' lang='grc' dir='ltr'>Μωσέως</span> <span class='ocrx_word' id='word_1_72' title='bbox 624 1406 877 1506; x_wconf 74' lang='grc' dir='ltr'>δεδηλωμένος·</span> <span class='ocrx_word' id='word_1_73' title='bbox 907 1406 962 1486; x_wconf 83' lang='grc' dir='ltr'><strong>ὅτι</strong></span> <span class='ocrx_word' id='word_1_74' title='bbox 980 1405 1018 1487; x_wconf 77' lang='grc' dir='ltr'><strong>δὲ</strong></span> <span class='ocrx_word' id='word_1_75' title='bbox 1040 1401 1312 1501; x_wconf 75' lang='grc' dir='ltr'>ἀπεσταλμένος</span> 
     </span>
    </p>
   </div>
   <div class='ocr_carea' id='block_1_3' title="bbox 169 1532 1350 2148">
    <p class='ocr_par' dir='ltr' id='par_1_3' title="bbox 169 1532 1350 2148">
     <span class='ocr_line' id='line_1_11' title="bbox 169 1532 1311 1640; baseline -0.003 -28"><span class='ocrx_word' id='word_1_76' title='bbox 169 1532 260 1632; x_wconf 84' lang='grc' dir='ltr'>ιοείη</span> <span class='ocrx_word' id='word_1_77' title='bbox 294 1534 499 1638; x_wconf 80' lang='grc' dir='ltr'>ἔμπροσθεν</span> <span class='ocrx_word' id='word_1_78' title='bbox 530 1543 594 1614; x_wconf 84' lang='grc' dir='ltr'>τοῦ</span> <span class='ocrx_word' id='word_1_79' title='bbox 624 1534 813 1640; x_wconf 80' lang='grc' dir='ltr'>προφήτου</span> <span class='ocrx_word' id='word_1_80' title='bbox 839 1534 970 1614; x_wconf 79' lang='grc' dir='ltr'>ἐκείνου</span> <span class='ocrx_word' id='word_1_81' title='bbox 1001 1535 1176 1613; x_wconf 82' lang='grc' dir='ltr'>ἐδίδασκε.</span> <span class='ocrx_word' id='word_1_82' title='bbox 1238 1533 1311 1630; x_wconf 68' lang='grc' dir='ltr'><strong>Καὶ</strong></span> 
     </span>
     <span class='ocr_line' id='line_1_12' title="bbox 206 1657 1306 1772; baseline 0.001 -35"><span class='ocrx_word' id='word_1_83' title='bbox 206 1659 394 1763; x_wconf 79' lang='grc' dir='ltr'>ἐπειδήπερ</span> <span class='ocrx_word' id='word_1_84' title='bbox 412 1663 431 1739; x_wconf 86' lang='grc' dir='ltr'>ό</span> <span class='ocrx_word' id='word_1_85' title='bbox 451 1658 561 1762; x_wconf 88' lang='grc' dir='ltr'>λόγος</span> <span class='ocrx_word' id='word_1_86' title='bbox 579 1662 698 1745; x_wconf 80' lang='grc' dir='ltr'>αὐτοῖς</span> <span class='ocrx_word' id='word_1_87' title='bbox 716 1660 760 1760; x_wconf 80' lang='grc' dir='ltr'><strong>δή</strong></span> <span class='ocrx_word' id='word_1_88' title='bbox 771 1667 857 1772; x_wconf 63' lang='grc' dir='ltr'><strong>ιτοῖς</strong></span> <span class='ocrx_word' id='word_1_89' title='bbox 876 1663 916 1739; x_wconf 93' lang='grc' dir='ltr'><strong>ε’κ</strong></span> <span class='ocrx_word' id='word_1_90' title='bbox 935 1663 1127 1764; x_wconf 78' lang='grc' dir='ltr'>περιτομῆς</span> <span class='ocrx_word' id='word_1_91' title='bbox 1145 1657 1306 1756; x_wconf 81' lang='grc' dir='ltr'>ἀναστή-</span> 
     </span>
     <span class='ocr_line' id='line_1_13' title="bbox 206 1785 1350 1894; baseline -0.003 -28"><span class='ocrx_word' id='word_1_92' title='bbox 206 1793 340 1867; x_wconf 90' lang='grc' dir='ltr'>σεσθαι</span> <span class='ocrx_word' id='word_1_93' title='bbox 367 1787 432 1867; x_wconf 82' lang='grc' dir='ltr'>τὸν</span> <span class='ocrx_word' id='word_1_94' title='bbox 457 1787 648 1894; x_wconf 83' lang='grc' dir='ltr'>προφήτην</span> <span class='ocrx_word' id='word_1_95' title='bbox 676 1787 869 1891; x_wconf 75' lang='grc' dir='ltr'>ε’θίσπιζεν,</span> <span class='ocrx_word' id='word_1_96' title='bbox 888 1785 1028 1872; x_wconf 83' lang='grc' dir='ltr'>εἰκότως</span> <span class='ocrx_word' id='word_1_97' title='bbox 1055 1788 1076 1866; x_wconf 88' lang='grc' dir='ltr'><strong><em>ὁ</em></strong></span> <span class='ocrx_word' id='word_1_98' title='bbox 1101 1785 1229 1888; x_wconf 81' lang='grc' dir='ltr'>Σωτήρ</span> <span class='ocrx_word' id='word_1_99' title='bbox 1251 1788 1308 1865; x_wconf 85' lang='grc' dir='ltr'>καί</span> <span class='ocrx_word' id='word_1_100' title='bbox 1320 1821 1350 1856; x_wconf 85' lang='grc' dir='ltr'>ιο</span> 
     </span>
     <span class='ocr_line' id='line_1_14' title="bbox 209 1911 1339 2017; baseline 0.002 -27"><span class='ocrx_word' id='word_1_101' title='bbox 209 1911 342 2016; x_wconf 81' lang='grc' dir='ltr'>Κύριος</span> <span class='ocrx_word' id='word_1_102' title='bbox 360 1912 471 2012; x_wconf 77' lang='grc' dir='ltr'>ἡμῶν,</span> <span class='ocrx_word' id='word_1_103' title='bbox 490 1912 551 1994; x_wconf 80' lang='grc' dir='ltr'>ἅτε</span> <span class='ocrx_word' id='word_1_104' title='bbox 575 1914 619 2015; x_wconf 85' lang='grc' dir='ltr'><strong>δὴ</strong></span> <span class='ocrx_word' id='word_1_105' title='bbox 646 1914 752 1999; x_wconf 82' lang='grc' dir='ltr'>αὐτὸς</span> <span class='ocrx_word' id='word_1_106' title='bbox 770 1912 820 1993; x_wconf 78' lang='grc' dir='ltr'><strong>ὧν</strong></span> <span class='ocrx_word' id='word_1_107' title='bbox 848 1916 867 1993; x_wconf 87' lang='grc' dir='ltr'>ό</span> <span class='ocrx_word' id='word_1_108' title='bbox 893 1912 1230 2017; x_wconf 77' lang='grc' dir='ltr'>προκεκηρυγμένος,</span> <span class='ocrx_word' id='word_1_109' title='bbox 1251 1915 1339 1992; x_wconf 72' lang='lat' dir='ltr'><strong>oieb</strong></span> 
     </span>
     <span class='ocr_line' id='line_1_15' title="bbox 205 2031 1309 2148; baseline -0.002 -32"><span class='ocrx_word' id='word_1_110' title='bbox 205 2031 308 2134; x_wconf 76' lang='grc' dir='ltr'>ήλθιι,</span> <span class='ocrx_word' id='word_1_111' title='bbox 328 2041 454 2144; x_wconf 82' lang='grc' dir='ltr'>φησὶν,</span> <span class='ocrx_word' id='word_1_112' title='bbox 474 2047 500 2120; x_wconf 83' lang='grc' dir='ltr'><strong>εἰ</strong></span> <span class='ocrx_word' id='word_1_113' title='bbox 519 2037 567 2146; x_wconf 69' lang='grc' dir='ltr'><strong>μή</strong></span> <span class='ocrx_word' id='word_1_114' title='bbox 587 2047 633 2126; x_wconf 73' lang='lat' dir='ltr'><strong>tic</strong></span> <span class='ocrx_word' id='word_1_115' title='bbox 651 2039 697 2120; x_wconf 78' lang='grc' dir='ltr'>τίι</span> <span class='ocrx_word' id='word_1_116' title='bbox 715 2043 878 2148; x_wconf 71' lang='grc' dir='ltr'>πρόβατα</span> <span class='ocrx_word' id='word_1_117' title='bbox 896 2037 965 2119; x_wconf 76' lang='grc' dir='ltr'><strong>Ι’τίι</strong></span> <span class='ocrx_word' id='word_1_118' title='bbox 986 2039 1199 2120; x_wconf 75' lang='grc' dir='ltr'>ἀπολωλότα</span> <span class='ocrx_word' id='word_1_119' title='bbox 1223 2039 1309 2118; x_wconf 75' lang='lat' dir='ltr'><strong>oium</strong></span> 
     </span>
    </p>
   </div>
   <div class='ocr_carea' id='block_1_4' title="bbox 168 2162 1330 3038">
    <p class='ocr_par' dir='ltr' id='par_1_4' title="bbox 205 2162 1308 2270">
     <span class='ocr_line' id='line_1_16' title="bbox 205 2162 1308 2270; baseline -0.004 -25"><span class='ocrx_word' id='word_1_120' title='bbox 205 2167 354 2270; x_wconf 79' lang='grc' dir='ltr'>Ἰσραήλ.</span> <span class='ocrx_word' id='word_1_121' title='bbox 413 2171 501 2250; x_wconf 86' lang='grc' dir='ltr'>Τοῖς</span> <span class='ocrx_word' id='word_1_122' title='bbox 534 2166 573 2246; x_wconf 71' lang='grc' dir='ltr'><strong>δὲ</strong></span> <span class='ocrx_word' id='word_1_123' title='bbox 606 2163 826 2250; x_wconf 84' lang='grc' dir='ltr'>ἀποστόλοις</span> <span class='ocrx_word' id='word_1_124' title='bbox 858 2169 966 2246; x_wconf 79' lang='grc' dir='ltr'>αὑτοῦ</span> <span class='ocrx_word' id='word_1_125' title='bbox 997 2163 1148 2270; x_wconf 81' lang='grc' dir='ltr'>παρῄνει</span> <span class='ocrx_word' id='word_1_126' title='bbox 1180 2162 1308 2264; x_wconf 78' lang='grc' dir='ltr'>λε’γων,</span> 
     </span>
    </p>

    <p class='ocr_par' dir='ltr' id='par_1_5' title="bbox 206 2288 1308 2400">
     <span class='ocr_line' id='line_1_17' title="bbox 206 2288 1308 2400; baseline -0.001 -30"><span class='ocrx_word' id='word_1_127' title='bbox 206 2299 251 2377; x_wconf 78' lang='grc' dir='ltr'>εἰς</span> <span class='ocrx_word' id='word_1_128' title='bbox 271 2288 341 2372; x_wconf 67' lang='lat' dir='ltr'><strong>idio</strong></span> <span class='ocrx_word' id='word_1_129' title='bbox 366 2289 453 2373; x_wconf 68' lang='grc' dir='ltr'>ἒθνιῗιν</span> <span class='ocrx_word' id='word_1_130' title='bbox 476 2292 524 2400; x_wconf 75' lang='grc' dir='ltr'><strong>μή</strong></span> <span class='ocrx_word' id='word_1_131' title='bbox 546 2292 725 2391; x_wconf 80' lang='grc' dir='ltr'>ιἰπίλθητι,</span> <span class='ocrx_word' id='word_1_132' title='bbox 747 2303 806 2374; x_wconf 81' lang='grc' dir='ltr'>καί</span> <span class='ocrx_word' id='word_1_133' title='bbox 833 2302 879 2379; x_wconf 75' lang='grc' dir='ltr'>εἰς</span> <span class='ocrx_word' id='word_1_134' title='bbox 903 2297 1001 2374; x_wconf 79' lang='grc' dir='ltr'>πόλιν</span> <span class='ocrx_word' id='word_1_135' title='bbox 1025 2289 1308 2398; x_wconf 68' lang='grc' dir='ltr'>Σαραρειτιῗιιριίι</span> 
     </span>
    </p>

    <p class='ocr_par' dir='ltr' id='par_1_6' title="bbox 207 2415 1330 2529">
     <span class='ocr_line' id='line_1_18' title="bbox 207 2415 1330 2529; baseline -0.002 -31"><span class='ocrx_word' id='word_1_136' title='bbox 207 2415 380 2514; x_wconf 80' lang='grc' dir='ltr'>ιίτίλθητι,</span> <span class='ocrx_word' id='word_1_137' title='bbox 399 2418 567 2524; x_wconf 82' lang='grc' dir='ltr'>πιριόισθι</span> <span class='ocrx_word' id='word_1_138' title='bbox 586 2416 622 2500; x_wconf 74' lang='grc' dir='ltr'><strong>δὲ</strong></span> <span class='ocrx_word' id='word_1_139' title='bbox 639 2423 778 2527; x_wconf 74' lang='grc' dir='ltr'>ριῖιλλιι</span> <span class='ocrx_word' id='word_1_140' title='bbox 797 2422 878 2528; x_wconf 79' lang='grc' dir='ltr'>πρίς</span> <span class='ocrx_word' id='word_1_141' title='bbox 896 2420 942 2501; x_wconf 72' lang='lat' dir='ltr'><strong>rit</strong></span> <span class='ocrx_word' id='word_1_142' title='bbox 967 2423 1130 2529; x_wconf 78' lang='grc' dir='ltr'>πρόβατα</span> <span class='ocrx_word' id='word_1_143' title='bbox 1148 2417 1195 2498; x_wconf 68' lang='lat' dir='ltr'><strong>rit</strong></span> <span class='ocrx_word' id='word_1_144' title='bbox 1218 2422 1330 2497; x_wconf 74' lang='grc' dir='ltr'>ἀπο-5</span> 
     </span>
    </p>

    <p class='ocr_par' dir='ltr' id='par_1_7' title="bbox 168 2543 1308 2654">
     <span class='ocr_line' id='line_1_19' title="bbox 168 2543 1308 2654; baseline 0.002 -30"><span class='ocrx_word' id='word_1_145' title='bbox 168 2549 349 2625; x_wconf 83' lang='grc' dir='ltr'>ιιλωλίτα</span> <span class='ocrx_word' id='word_1_146' title='bbox 377 2547 464 2626; x_wconf 77' lang='lat' dir='ltr'><strong>circeo</strong></span> <span class='ocrx_word' id='word_1_147' title='bbox 490 2549 641 2654; x_wconf 81' lang='grc' dir='ltr'>Ἰσραήλ·</span> <span class='ocrx_word' id='word_1_148' title='bbox 681 2554 813 2654; x_wconf 78' lang='grc' dir='ltr'>σαφῶς</span> <span class='ocrx_word' id='word_1_149' title='bbox 837 2547 1018 2627; x_wconf 87' lang='grc' dir='ltr'>διδάσκων</span> <span class='ocrx_word' id='word_1_150' title='bbox 1044 2546 1098 2626; x_wconf 78' lang='grc' dir='ltr'><strong>ὅτι</strong></span> <span class='ocrx_word' id='word_1_151' title='bbox 1120 2543 1165 2643; x_wconf 81' lang='grc' dir='ltr'><strong>δή</strong></span> <span class='ocrx_word' id='word_1_152' title='bbox 1191 2545 1308 2626; x_wconf 82' lang='grc' dir='ltr'>αὐτοῖς</span> 
     </span>
    </p>

    <p class='ocr_par' dir='ltr' id='par_1_8' title="bbox 205 2670 1316 2780">
     <span class='ocr_line' id='line_1_20' title="bbox 205 2670 1316 2780; baseline 0.001 -28"><span class='ocrx_word' id='word_1_153' title='bbox 205 2673 480 2774; x_wconf 70' lang='grc' dir='ltr'>προηγουμένως</span> <span class='ocrx_word' id='word_1_154' title='bbox 516 2673 727 2754; x_wconf 75' lang='grc' dir='ltr'>ἀπέσταλτο</span> <span class='ocrx_word' id='word_1_155' title='bbox 765 2680 810 2778; x_wconf 79' lang='grc' dir='ltr'>τῇ</span> <span class='ocrx_word' id='word_1_156' title='bbox 851 2672 1051 2780; x_wconf 76' lang='grc' dir='ltr'>προφητείᾳ</span> <span class='ocrx_word' id='word_1_157' title='bbox 1086 2670 1316 2753; x_wconf 65' lang='grc' dir='ltr'>ἀκολούθως·</span> 
     </span>
    </p>

    <p class='ocr_par' dir='ltr' id='par_1_9' title="bbox 205 2796 1305 3038">
     <span class='ocr_line' id='line_1_21' title="bbox 205 2796 1305 2908; baseline -0.005 -28"><span class='ocrx_word' id='word_1_158' title='bbox 205 2798 351 2898; x_wconf 83' lang='grc' dir='ltr'>Ἐπειδὴ</span> <span class='ocrx_word' id='word_1_159' title='bbox 370 2799 408 2879; x_wconf 77' lang='grc' dir='ltr'><strong>δὲ</strong></span> <span class='ocrx_word' id='word_1_160' title='bbox 431 2801 494 2880; x_wconf 82' lang='grc' dir='ltr'><strong>οὐκ</strong></span> <span class='ocrx_word' id='word_1_161' title='bbox 518 2801 684 2908; x_wconf 61' lang='lat' dir='ltr'><strong>dulfum</strong></span> <span class='ocrx_word' id='word_1_162' title='bbox 706 2800 773 2900; x_wconf 82' lang='grc' dir='ltr'>τὴν</span> <span class='ocrx_word' id='word_1_163' title='bbox 797 2799 912 2905; x_wconf 80' lang='grc' dir='ltr'>χάριν,</span> <span class='ocrx_word' id='word_1_164' title='bbox 931 2798 1121 2903; x_wconf 80' lang='grc' dir='ltr'>άπελίγχει</span> <span class='ocrx_word' id='word_1_165' title='bbox 1149 2796 1214 2898; x_wconf 73' lang='grc' dir='ltr'><strong>μὲν</strong></span> <span class='ocrx_word' id='word_1_166' title='bbox 1241 2797 1305 2875; x_wconf 84' lang='grc' dir='ltr'><strong>αὑ·</strong></span> 
     </span>
     <span class='ocr_line' id='line_1_22' title="bbox 430 2948 1080 3038; baseline 0 -20"><span class='ocrx_word' id='word_1_167' title='bbox 430 2948 508 3035; x_wconf 54' lang='lat' dir='ltr'><strong>cau*</strong></span> <span class='ocrx_word' id='word_1_168' title='bbox 524 2965 553 3020; x_wconf 74' lang='lat' dir='ltr'><strong>s,</strong></span> <span class='ocrx_word' id='word_1_169' title='bbox 568 2965 596 3020; x_wconf 78' lang='lat' dir='ltr'><strong>in</strong></span> <span class='ocrx_word' id='word_1_170' title='bbox 610 2983 695 3038; x_wconf 70' lang='lat' dir='ltr'><strong>marg.</strong></span> <span class='ocrx_word' id='word_1_171' title='bbox 779 2961 841 3018; x_wconf 62' lang='grc' dir='ltr'><strong>ιιι</strong></span> <span class='ocrx_word' id='word_1_172' title='bbox 855 2965 917 3018; x_wconf 77' lang='grc' dir='ltr'>ιιι.</span> <span class='ocrx_word' id='word_1_173' title='bbox 935 2964 966 3020; x_wconf 82' lang='grc' dir='ltr'>ς.</span> <span class='ocrx_word' id='word_1_174' title='bbox 982 2981 1036 3018; x_wconf 80' lang='lat' dir='ltr'><strong>om.</strong></span> <span class='ocrx_word' id='word_1_175' title='bbox 1051 2961 1080 3019; x_wconf 83' lang='lat' dir='ltr'><strong>S.</strong></span> 
     </span>
    </p>
   </div>
   <div class='ocr_carea' id='block_1_5' title="bbox 201 3080 1467 4366">
    <p class='ocr_par' dir='ltr' id='par_1_10' title="bbox 203 3080 1306 3240">
     <span class='ocr_line' id='line_1_23' title="bbox 203 3080 1306 3160; baseline -0.001 -22"><span class='ocrx_word' id='word_1_176' title='bbox 203 3080 313 3148; x_wconf 87' lang='lat' dir='ltr'><strong>cillitas,</strong></span> <span class='ocrx_word' id='word_1_177' title='bbox 329 3089 359 3140; x_wconf 93' lang='lat' dir='ltr'><strong>et</strong></span> <span class='ocrx_word' id='word_1_178' title='bbox 379 3085 584 3160; x_wconf 71' lang='lat' dir='ltr'><strong>prestantioris</strong></span> <span class='ocrx_word' id='word_1_179' title='bbox 600 3085 678 3142; x_wconf 87' lang='lat' dir='ltr'><strong>visus</strong></span> <span class='ocrx_word' id='word_1_180' title='bbox 697 3085 847 3143; x_wconf 78' lang='lat' dir='ltr'><strong>recusatio.</strong></span> <span class='ocrx_word' id='word_1_181' title='bbox 892 3085 987 3142; x_wconf 87' lang='lat' dir='ltr'><strong>Habea</strong></span> <span class='ocrx_word' id='word_1_182' title='bbox 1008 3083 1096 3159; x_wconf 86' lang='lat' dir='ltr'><strong>igitur</strong></span> <span class='ocrx_word' id='word_1_183' title='bbox 1117 3101 1230 3140; x_wconf 84' lang='lat' dir='ltr'><strong>causam</strong></span> <span class='ocrx_word' id='word_1_184' title='bbox 1256 3099 1306 3138; x_wconf 89' lang='lat' dir='ltr'><strong>cur</strong></span> 
     </span>
     <span class='ocr_line' id='line_1_24' title="bbox 205 3162 1306 3240; baseline 0 -22"><span class='ocrx_word' id='word_1_185' title='bbox 205 3162 344 3238; x_wconf 85' lang='lat' dir='ltr'><strong>propheto</strong></span> <span class='ocrx_word' id='word_1_186' title='bbox 363 3163 420 3230; x_wconf 84' lang='lat' dir='ltr'><strong>ille,</strong></span> <span class='ocrx_word' id='word_1_187' title='bbox 436 3165 484 3240; x_wconf 89' lang='lat' dir='ltr'><strong>qui</strong></span> <span class='ocrx_word' id='word_1_188' title='bbox 497 3174 634 3224; x_wconf 86' lang='lat' dir='ltr'><strong>venturus</strong></span> <span class='ocrx_word' id='word_1_189' title='bbox 654 3167 818 3230; x_wconf 77' lang='lat' dir='ltr'><strong>canebatur,</strong></span> <span class='ocrx_word' id='word_1_190' title='bbox 832 3165 919 3222; x_wconf 92' lang='lat' dir='ltr'><strong>homo</strong></span> <span class='ocrx_word' id='word_1_191' title='bbox 940 3173 1015 3222; x_wconf 88' lang='lat' dir='ltr'><strong>esset</strong></span> <span class='ocrx_word' id='word_1_192' title='bbox 1033 3165 1155 3222; x_wconf 81' lang='lat' dir='ltr'><strong>futurus.</strong></span> <span class='ocrx_word' id='word_1_193' title='bbox 1198 3162 1306 3220; x_wconf 89' lang='lat' dir='ltr'><strong>Merito</strong></span> 
     </span>
    </p>

    <p class='ocr_par' dir='ltr' id='par_1_11' title="bbox 203 3242 1305 3319">
     <span class='ocr_line' id='line_1_25' title="bbox 203 3242 1305 3319; baseline 0.001 -21"><span class='ocrx_word' id='word_1_194' title='bbox 203 3242 291 3318; x_wconf 82' lang='lat' dir='ltr'><strong>igitur</strong></span> <span class='ocrx_word' id='word_1_195' title='bbox 304 3253 488 3318; x_wconf 75' lang='lat' dir='ltr'>expectantes</span> <span class='ocrx_word' id='word_1_196' title='bbox 507 3245 586 3304; x_wconf 91' lang='lat' dir='ltr'><strong>illum</strong></span> <span class='ocrx_word' id='word_1_197' title='bbox 599 3246 691 3304; x_wconf 82' lang='lat' dir='ltr'><strong>Judoei</strong></span> <span class='ocrx_word' id='word_1_198' title='bbox 704 3247 845 3304; x_wconf 88' lang='lat' dir='ltr'><strong>Joanuem</strong></span> <span class='ocrx_word' id='word_1_199' title='bbox 861 3245 1021 3319; x_wconf 84' lang='lat' dir='ltr'><strong>Baptisturn</strong></span> <span class='ocrx_word' id='word_1_200' title='bbox 1035 3244 1257 3318; x_wconf 70' lang='lat' dir='ltr'><strong>interrogabant,</strong></span> <span class='ocrx_word' id='word_1_201' title='bbox 1272 3261 1305 3299; x_wconf 87' lang='lat' dir='ltr'><strong>ec</strong></span> 
     </span>
    </p>

    <p class='ocr_par' dir='ltr' id='par_1_12' title="bbox 203 3323 1452 3481">
     <span class='ocr_line' id='line_1_26' title="bbox 203 3323 1452 3402; baseline 0.001 -22"><span class='ocrx_word' id='word_1_202' title='bbox 203 3323 343 3390; x_wconf 80' lang='lat' dir='ltr'><strong>dicebant,</strong></span> <span class='ocrx_word' id='word_1_203' title='bbox 366 3325 429 3400; x_wconf 82' lang='lat' dir='ltr'><strong>Ipse</strong></span> <span class='ocrx_word' id='word_1_204' title='bbox 445 3326 580 3402; x_wconf 75' lang='lat' dir='ltr'><strong>propheto</strong></span> <span class='ocrx_word' id='word_1_205' title='bbox 602 3345 631 3383; x_wconf 84' lang='lat' dir='ltr'><strong>es</strong></span> <span class='ocrx_word' id='word_1_206' title='bbox 656 3327 713 3382; x_wconf 78' lang='lat' dir='ltr'><strong>tu?</strong></span> <span class='ocrx_word' id='word_1_207' title='bbox 740 3335 767 3383; x_wconf 85' lang='lat' dir='ltr'><strong>et</strong></span> <span class='ocrx_word' id='word_1_208' title='bbox 791 3328 938 3400; x_wconf 79' lang='lat' dir='ltr'><strong>respondit,</strong></span> <span class='ocrx_word' id='word_1_209' title='bbox 957 3325 1034 3382; x_wconf 83' lang='lat' dir='ltr'><strong>Non.</strong></span> <span class='ocrx_word' id='word_1_210' title='bbox 1085 3323 1193 3381; x_wconf 86' lang='lat' dir='ltr'><strong>Verum</strong></span> <span class='ocrx_word' id='word_1_211' title='bbox 1218 3341 1305 3397; x_wconf 89' lang='lat' dir='ltr'><strong>quum</strong></span> <span class='ocrx_word' id='word_1_212' title='bbox 1346 3339 1452 3388; x_wconf 68' lang='lat' dir='ltr'><strong>taam</strong></span> 
     </span>
     <span class='ocr_line' id='line_1_27' title="bbox 203 3401 1303 3481; baseline -0.004 -20"><span class='ocrx_word' id='word_1_213' title='bbox 203 3403 330 3462; x_wconf 90' lang='lat' dir='ltr'><strong>Joannes</strong></span> <span class='ocrx_word' id='word_1_214' title='bbox 345 3423 442 3464; x_wconf 87' lang='lat' dir='ltr'><strong>verum</strong></span> <span class='ocrx_word' id='word_1_215' title='bbox 455 3407 602 3472; x_wconf 82' lang='lat' dir='ltr'><strong>fateretur,</strong></span> <span class='ocrx_word' id='word_1_216' title='bbox 618 3424 676 3464; x_wconf 89' lang='lat' dir='ltr'><strong>oon</strong></span> <span class='ocrx_word' id='word_1_217' title='bbox 691 3425 721 3464; x_wconf 87' lang='lat' dir='ltr'><strong>se</strong></span> <span class='ocrx_word' id='word_1_218' title='bbox 735 3406 903 3481; x_wconf 84' lang='lat' dir='ltr'><strong>prophetam</strong></span> <span class='ocrx_word' id='word_1_219' title='bbox 920 3423 982 3462; x_wconf 89' lang='lat' dir='ltr'><strong>esse</strong></span> <span class='ocrx_word' id='word_1_220' title='bbox 1003 3404 1127 3478; x_wconf 84' lang='lat' dir='ltr'><strong>negavit,</strong></span> <span class='ocrx_word' id='word_1_221' title='bbox 1143 3411 1204 3460; x_wconf 88' lang='lat' dir='ltr'><strong>erat</strong></span> <span class='ocrx_word' id='word_1_222' title='bbox 1217 3401 1303 3468; x_wconf 85' lang='lat' dir='ltr'><strong>enim,</strong></span> 
     </span>
    </p>

    <p class='ocr_par' dir='ltr' id='par_1_13' title="bbox 204 3484 1303 3563">
     <span class='ocr_line' id='line_1_28' title="bbox 204 3484 1303 3563; baseline -0.002 -22"><span class='ocrx_word' id='word_1_223' title='bbox 204 3484 255 3541; x_wconf 87' lang='lat' dir='ltr'><strong>sed</strong></span> <span class='ocrx_word' id='word_1_224' title='bbox 268 3503 299 3542; x_wconf 91' lang='lat' dir='ltr'><strong>se</strong></span> <span class='ocrx_word' id='word_1_225' title='bbox 313 3484 393 3542; x_wconf 89' lang='lat' dir='ltr'><strong>illum</strong></span> <span class='ocrx_word' id='word_1_226' title='bbox 412 3505 475 3545; x_wconf 86' lang='lat' dir='ltr'><strong>csse</strong></span> <span class='ocrx_word' id='word_1_227' title='bbox 493 3487 661 3563; x_wconf 85' lang='lat' dir='ltr'><strong>prophetem</strong></span> <span class='ocrx_word' id='word_1_228' title='bbox 681 3487 830 3544; x_wconf 77' lang='lat' dir='ltr'><strong>dumtaxat</strong></span> <span class='ocrx_word' id='word_1_229' title='bbox 849 3503 932 3560; x_wconf 90' lang='lat' dir='ltr'><strong>quem</strong></span> <span class='ocrx_word' id='word_1_230' title='bbox 947 3485 1045 3542; x_wconf 87' lang='lat' dir='ltr'><strong>Moses</strong></span> <span class='ocrx_word' id='word_1_231' title='bbox 1059 3492 1210 3542; x_wconf 82' lang='lat' dir='ltr'><strong>venturum</strong></span> <span class='ocrx_word' id='word_1_232' title='bbox 1230 3501 1303 3557; x_wconf 76' lang='lat' dir='ltr'><strong>pras·</strong></span> 
     </span>
    </p>

    <p class='ocr_par' dir='ltr' id='par_1_14' title="bbox 202 3562 1305 3803">
     <span class='ocr_line' id='line_1_29' title="bbox 203 3562 1305 3642; baseline -0.002 -21"><span class='ocrx_word' id='word_1_233' title='bbox 203 3563 340 3622; x_wconf 80' lang='lat' dir='ltr'><strong>dixisset:</strong></span> <span class='ocrx_word' id='word_1_234' title='bbox 369 3567 445 3640; x_wconf 92' lang='lat' dir='ltr'><strong>quod</strong></span> <span class='ocrx_word' id='word_1_235' title='bbox 464 3587 534 3626; x_wconf 82' lang='lat' dir='ltr'><strong>vcro</strong></span> <span class='ocrx_word' id='word_1_236' title='bbox 554 3575 620 3626; x_wconf 85' lang='lat' dir='ltr'><strong>sote</strong></span> <span class='ocrx_word' id='word_1_237' title='bbox 641 3567 719 3624; x_wconf 86' lang='lat' dir='ltr'><strong>illum</strong></span> <span class='ocrx_word' id='word_1_238' title='bbox 741 3567 908 3642; x_wconf 84' lang='lat' dir='ltr'><strong>prophetem</strong></span> <span class='ocrx_word' id='word_1_239' title='bbox 926 3565 1028 3624; x_wconf 88' lang='lat' dir='ltr'><strong>missus</strong></span> <span class='ocrx_word' id='word_1_240' title='bbox 1042 3574 1127 3630; x_wconf 87' lang='lat' dir='ltr'><strong>esset,</strong></span> <span class='ocrx_word' id='word_1_241' title='bbox 1142 3562 1305 3638; x_wconf 76' lang='lat' dir='ltr'><strong>planissime</strong></span> 
     </span>
     <span class='ocr_line' id='line_1_30' title="bbox 203 3643 1305 3724; baseline -0.002 -23"><span class='ocrx_word' id='word_1_242' title='bbox 203 3645 421 3706; x_wconf 82' lang='lat' dir='ltr'><strong>demonstravit.</strong></span> <span class='ocrx_word' id='word_1_243' title='bbox 463 3648 606 3706; x_wconf 75' lang='lat' dir='ltr'><strong>Ceterum</strong></span> <span class='ocrx_word' id='word_1_244' title='bbox 626 3648 758 3722; x_wconf 87' lang='lat' dir='ltr'><strong>quoniam</strong></span> <span class='ocrx_word' id='word_1_245' title='bbox 780 3647 946 3724; x_wconf 86' lang='lat' dir='ltr'><strong>prophetico</strong></span> <span class='ocrx_word' id='word_1_246' title='bbox 964 3646 1055 3704; x_wconf 84' lang='lat' dir='ltr'><strong>oratio</strong></span> <span class='ocrx_word' id='word_1_247' title='bbox 1068 3646 1132 3703; x_wconf 89' lang='lat' dir='ltr'><strong>unis</strong></span> <span class='ocrx_word' id='word_1_248' title='bbox 1146 3645 1191 3709; x_wconf 83' lang='lat' dir='ltr'><strong>iia,</strong></span> <span class='ocrx_word' id='word_1_249' title='bbox 1207 3643 1254 3718; x_wconf 89' lang='lat' dir='ltr'><strong>qui</strong></span> <span class='ocrx_word' id='word_1_250' title='bbox 1268 3643 1305 3700; x_wconf 87' lang='lat' dir='ltr'><strong>ad</strong></span> 
     </span>
     <span class='ocr_line' id='line_1_31' title="bbox 202 3724 1305 3803; baseline -0.002 -21"><span class='ocrx_word' id='word_1_251' title='bbox 202 3724 435 3786; x_wconf 79' lang='lat' dir='ltr'><strong>circuncisionem</strong></span> <span class='ocrx_word' id='word_1_252' title='bbox 445 3731 596 3802; x_wconf 87' lang='lat' dir='ltr'><strong>pertinent,</strong></span> <span class='ocrx_word' id='word_1_253' title='bbox 607 3729 798 3786; x_wconf 87' lang='lat' dir='ltr'><strong>suscitandum</strong></span> <span class='ocrx_word' id='word_1_254' title='bbox 808 3747 871 3786; x_wconf 79' lang='lat' dir='ltr'><strong>ease</strong></span> <span class='ocrx_word' id='word_1_255' title='bbox 884 3727 1050 3803; x_wconf 90' lang='lat' dir='ltr'><strong>prophetam</strong></span> <span class='ocrx_word' id='word_1_256' title='bbox 1062 3725 1191 3791; x_wconf 79' lang='lat' dir='ltr'><strong>canebat,</strong></span> <span class='ocrx_word' id='word_1_257' title='bbox 1202 3724 1305 3781; x_wconf 85' lang='lat' dir='ltr'><strong>merito</strong></span> 
     </span>
    </p>

    <p class='ocr_par' dir='ltr' id='par_1_15' title="bbox 203 3803 1302 3886">
     <span class='ocr_line' id='line_1_32' title="bbox 203 3803 1302 3886; baseline -0.003 -23"><span class='ocrx_word' id='word_1_258' title='bbox 203 3803 336 3864; x_wconf 75' lang='lat' dir='ltr'><strong>Salvator</strong></span> <span class='ocrx_word' id='word_1_259' title='bbox 348 3827 382 3864; x_wconf 88' lang='lat' dir='ltr'><strong>sc</strong></span> <span class='ocrx_word' id='word_1_260' title='bbox 396 3809 536 3868; x_wconf 86' lang='lat' dir='ltr'><strong>Dominus</strong></span> <span class='ocrx_word' id='word_1_261' title='bbox 550 3817 656 3875; x_wconf 86' lang='lat' dir='ltr'><strong>noster,</strong></span> <span class='ocrx_word' id='word_1_262' title='bbox 671 3817 770 3884; x_wconf 85' lang='lat' dir='ltr'><strong>utpote</strong></span> <span class='ocrx_word' id='word_1_263' title='bbox 791 3809 839 3886; x_wconf 90' lang='lat' dir='ltr'><strong>qui</strong></span> <span class='ocrx_word' id='word_1_264' title='bbox 859 3807 920 3884; x_wconf 87' lang='lat' dir='ltr'><strong>ipse</strong></span> <span class='ocrx_word' id='word_1_265' title='bbox 941 3815 1017 3866; x_wconf 86' lang='lat' dir='ltr'><strong>esset</strong></span> <span class='ocrx_word' id='word_1_266' title='bbox 1030 3806 1077 3864; x_wconf 88' lang='lat' dir='ltr'><strong>ilie</strong></span> <span class='ocrx_word' id='word_1_267' title='bbox 1093 3813 1178 3863; x_wconf 86' lang='lat' dir='ltr'><strong>nutes</strong></span> <span class='ocrx_word' id='word_1_268' title='bbox 1194 3805 1302 3862; x_wconf 87' lang='lat' dir='ltr'><strong>denun-</strong></span> 
     </span>
    </p>

    <p class='ocr_par' dir='ltr' id='par_1_16' title="bbox 203 3886 1302 3965">
     <span class='ocr_line' id='line_1_33' title="bbox 203 3886 1302 3965; baseline -0.001 -22"><span class='ocrx_word' id='word_1_269' title='bbox 203 3886 303 3952; x_wconf 77' lang='lat' dir='ltr'><strong>oiston.</strong></span> <span class='ocrx_word' id='word_1_270' title='bbox 315 3887 378 3945; x_wconf 83' lang='lat' dir='ltr'><strong>Non</strong></span> <span class='ocrx_word' id='word_1_271' title='bbox 392 3891 463 3954; x_wconf 71' lang='lat' dir='ltr'><strong>oeni,</strong></span> <span class='ocrx_word' id='word_1_272' title='bbox 475 3889 575 3965; x_wconf 88' lang='lat' dir='ltr'><strong>iuquit,</strong></span> <span class='ocrx_word' id='word_1_273' title='bbox 585 3891 636 3948; x_wconf 78' lang='lat' dir='ltr'><strong>uisi</strong></span> <span class='ocrx_word' id='word_1_274' title='bbox 650 3893 760 3948; x_wconf 77' lang='lat' dir='ltr'><strong>edoces</strong></span> <span class='ocrx_word' id='word_1_275' title='bbox 774 3909 833 3965; x_wconf 78' lang='lat' dir='ltr'><strong>quie</strong></span> <span class='ocrx_word' id='word_1_276' title='bbox 845 3893 987 3963; x_wconf 72' lang='lat' dir='ltr'><strong>perimam</strong></span> <span class='ocrx_word' id='word_1_277' title='bbox 1000 3890 1095 3945; x_wconf 84' lang='lat' dir='ltr'><strong>domus</strong></span> <span class='ocrx_word' id='word_1_278' title='bbox 1110 3887 1202 3944; x_wconf 69' lang='lat' dir='ltr'><strong>irruet</strong></span> <span class='ocrx_word' id='word_1_279' title='bbox 1223 3887 1302 3959; x_wconf 84' lang='lat' dir='ltr'><strong>Apo·</strong></span> 
     </span>
    </p>

    <p class='ocr_par' dir='ltr' id='par_1_17' title="bbox 201 3966 1467 4288">
     <span class='ocr_line' id='line_1_34' title="bbox 202 3966 1467 4046; baseline -0.006 -23"><span class='ocrx_word' id='word_1_280' title='bbox 202 3967 292 4025; x_wconf 90' lang='lat' dir='ltr'><strong>stolos</strong></span> <span class='ocrx_word' id='word_1_281' title='bbox 306 3977 401 4030; x_wconf 79' lang='lat' dir='ltr'><strong>autem</strong></span> <span class='ocrx_word' id='word_1_282' title='bbox 416 3989 484 4026; x_wconf 89' lang='lat' dir='ltr'><strong>suos</strong></span> <span class='ocrx_word' id='word_1_283' title='bbox 497 3971 640 4035; x_wconf 86' lang='lat' dir='ltr'><strong>mouebat,</strong></span> <span class='ocrx_word' id='word_1_284' title='bbox 655 3971 760 4046; x_wconf 85' lang='lat' dir='ltr'><strong>dicens,</strong></span> <span class='ocrx_word' id='word_1_285' title='bbox 777 3972 811 4028; x_wconf 84' lang='grc' dir='ltr'><strong>Ιιι</strong></span> <span class='ocrx_word' id='word_1_286' title='bbox 824 3973 896 4027; x_wconf 83' lang='lat' dir='ltr'><strong>oium</strong></span> <span class='ocrx_word' id='word_1_287' title='bbox 908 3971 1030 4044; x_wconf 79' lang='lat' dir='ltr'><strong>gentium</strong></span> <span class='ocrx_word' id='word_1_288' title='bbox 1044 3987 1076 4024; x_wconf 83' lang='lat' dir='ltr'><strong>ae</strong></span> <span class='ocrx_word' id='word_1_289' title='bbox 1089 3967 1219 4030; x_wconf 78' lang='lat' dir='ltr'><strong>obieritis,</strong></span> <span class='ocrx_word' id='word_1_290' title='bbox 1235 3974 1261 4024; x_wconf 85' lang='lat' dir='ltr'><strong>et</strong></span> <span class='ocrx_word' id='word_1_291' title='bbox 1275 3966 1302 4022; x_wconf 84' lang='lat' dir='ltr'><strong>ia</strong></span> <span class='ocrx_word' id='word_1_292' title='bbox 1346 3979 1424 4018; x_wconf 78' lang='grc' dir='ltr'>ιιιιιιι.</span> <span class='ocrx_word' id='word_1_293' title='bbox 1437 3985 1467 4028; x_wconf 80' lang='grc' dir='ltr'>ις,</span> 
     </span>
     <span class='ocr_line' id='line_1_35' title="bbox 201 4041 1462 4127; baseline -0.001 -23"><span class='ocrx_word' id='word_1_294' title='bbox 201 4049 340 4106; x_wconf 80' lang='lat' dir='ltr'><strong>ciuitatem</strong></span> <span class='ocrx_word' id='word_1_295' title='bbox 355 4051 595 4108; x_wconf 76' lang='lat' dir='ltr'><strong>Samaritanorum</strong></span> <span class='ocrx_word' id='word_1_296' title='bbox 609 4069 643 4108; x_wconf 84' lang='lat' dir='ltr'><strong>ne</strong></span> <span class='ocrx_word' id='word_1_297' title='bbox 656 4053 830 4108; x_wconf 80' lang='lat' dir='ltr'><strong>intraveritis.</strong></span> <span class='ocrx_word' id='word_1_298' title='bbox 874 4050 995 4106; x_wconf 83' lang='lat' dir='ltr'><strong>Iteoero</strong></span> <span class='ocrx_word' id='word_1_299' title='bbox 1011 4050 1106 4124; x_wconf 83' lang='lat' dir='ltr'><strong>potius</strong></span> <span class='ocrx_word' id='word_1_300' title='bbox 1121 4050 1159 4104; x_wconf 82' lang='lat' dir='ltr'><strong>od</strong></span> <span class='ocrx_word' id='word_1_301' title='bbox 1173 4066 1232 4104; x_wconf 87' lang='grc' dir='ltr'><strong>ουα</strong></span> <span class='ocrx_word' id='word_1_302' title='bbox 1246 4065 1303 4122; x_wconf 77' lang='lat' dir='ltr'><strong>qun</strong></span> <span class='ocrx_word' id='word_1_303' title='bbox 1346 4041 1462 4127; x_wconf 49' lang='lat' dir='ltr'><strong>mm,</strong></span> 
     </span>
     <span class='ocr_line' id='line_1_36' title="bbox 201 4128 1365 4204; baseline -0.002 -18"><span class='ocrx_word' id='word_1_304' title='bbox 201 4131 340 4200; x_wconf 74' lang='lat' dir='ltr'><strong>perieram</strong></span> <span class='ocrx_word' id='word_1_305' title='bbox 353 4131 449 4186; x_wconf 84' lang='lat' dir='ltr'><strong>domus</strong></span> <span class='ocrx_word' id='word_1_306' title='bbox 465 4131 572 4188; x_wconf 82' lang='lat' dir='ltr'><strong>iarael:</strong></span> <span class='ocrx_word' id='word_1_307' title='bbox 588 4130 635 4188; x_wconf 88' lang='lat' dir='ltr'><strong>ubi</strong></span> <span class='ocrx_word' id='word_1_308' title='bbox 649 4131 732 4204; x_wconf 90' lang='lat' dir='ltr'><strong>plane</strong></span> <span class='ocrx_word' id='word_1_309' title='bbox 746 4130 872 4188; x_wconf 82' lang='lat' dir='ltr'><strong>ostendit¹</strong></span> <span class='ocrx_word' id='word_1_310' title='bbox 885 4149 916 4188; x_wconf 88' lang='lat' dir='ltr'><strong>se</strong></span> <span class='ocrx_word' id='word_1_311' title='bbox 930 4129 1021 4204; x_wconf 91' lang='lat' dir='ltr'><strong>primo</strong></span> <span class='ocrx_word' id='word_1_312' title='bbox 1035 4128 1098 4186; x_wconf 95' lang='lat' dir='ltr'><strong>loco</strong></span> <span class='ocrx_word' id='word_1_313' title='bbox 1113 4128 1149 4185; x_wconf 87' lang='lat' dir='ltr'><strong>ed</strong></span> <span class='ocrx_word' id='word_1_314' title='bbox 1162 4128 1226 4185; x_wconf 89' lang='lat' dir='ltr'><strong>illos</strong></span> <span class='ocrx_word' id='word_1_315' title='bbox 1240 4145 1302 4184; x_wconf 87' lang='lat' dir='ltr'><strong>esse</strong></span> <span class='ocrx_word' id='word_1_316' title='bbox 1346 4131 1365 4169; x_wconf 85' lang='lat'><strong>⁶·</strong></span> 
     </span>
     <span class='ocr_line' id='line_1_37' title="bbox 202 4207 1303 4288; baseline 0 -24"><span class='ocrx_word' id='word_1_317' title='bbox 202 4207 331 4272; x_wconf 86' lang='lat' dir='ltr'><strong>missum,</strong></span> <span class='ocrx_word' id='word_1_318' title='bbox 352 4209 425 4266; x_wconf 88' lang='lat' dir='ltr'><strong>sicut</strong></span> <span class='ocrx_word' id='word_1_319' title='bbox 445 4211 530 4268; x_wconf 86' lang='lat' dir='ltr'><strong>etiarn</strong></span> <span class='ocrx_word' id='word_1_320' title='bbox 555 4211 591 4268; x_wconf 87' lang='lat' dir='ltr'><strong>ab</strong></span> <span class='ocrx_word' id='word_1_321' title='bbox 613 4211 675 4286; x_wconf 87' lang='lat' dir='ltr'><strong>ipso</strong></span> <span class='ocrx_word' id='word_1_322' title='bbox 696 4211 845 4288; x_wconf 87' lang='lat' dir='ltr'><strong>prophetia</strong></span> <span class='ocrx_word' id='word_1_323' title='bbox 866 4211 971 4268; x_wconf 89' lang='lat' dir='ltr'><strong>dictum</strong></span> <span class='ocrx_word' id='word_1_324' title='bbox 994 4209 1093 4267; x_wconf 81' lang='lat' dir='ltr'><strong>fueret.</strong></span> <span class='ocrx_word' id='word_1_325' title='bbox 1136 4209 1196 4266; x_wconf 87' lang='lat' dir='ltr'><strong>Sed</strong></span> <span class='ocrx_word' id='word_1_326' title='bbox 1216 4227 1303 4282; x_wconf 88' lang='lat' dir='ltr'><strong>quom</strong></span> 
     </span>
    </p>

    <p class='ocr_par' dir='ltr' id='par_1_18' title="bbox 201 4286 1452 4366">
     <span class='ocr_line' id='line_1_38' title="bbox 201 4286 1452 4366; baseline 0.002 -22"><span class='ocrx_word' id='word_1_327' title='bbox 201 4286 288 4344; x_wconf 87' lang='lat' dir='ltr'><strong>telem</strong></span> <span class='ocrx_word' id='word_1_328' title='bbox 309 4289 431 4363; x_wconf 79' lang='lat' dir='ltr'><strong>gratiam</strong></span> <span class='ocrx_word' id='word_1_329' title='bbox 452 4309 510 4348; x_wconf 92' lang='lat' dir='ltr'><strong>non</strong></span> <span class='ocrx_word' id='word_1_330' title='bbox 531 4291 714 4366; x_wconf 79' lang='lat' dir='ltr'><strong>accepissent,</strong></span> <span class='ocrx_word' id='word_1_331' title='bbox 736 4292 851 4350; x_wconf 86' lang='lat' dir='ltr'><strong>eosdem</strong></span> <span class='ocrx_word' id='word_1_332' title='bbox 873 4291 939 4349; x_wconf 83' lang='lat' dir='ltr'><strong>olibi</strong></span> <span class='ocrx_word' id='word_1_333' title='bbox 959 4290 1114 4366; x_wconf 79' lang='lat' dir='ltr'><strong>redarguit,</strong></span> <span class='ocrx_word' id='word_1_334' title='bbox 1136 4289 1242 4352; x_wconf 85' lang='lat' dir='ltr'><strong>dicens,</strong></span> <span class='ocrx_word' id='word_1_335' title='bbox 1257 4287 1303 4345; x_wconf 84' lang='grc' dir='ltr'><strong>Εο</strong></span> <span class='ocrx_word' id='word_1_336' title='bbox 1346 4297 1452 4346; x_wconf 67' lang='lat' dir='ltr'><strong>nasas.</strong></span> 
     </span>
    </p>
   </div>
   <div class='ocr_carea' id='block_1_6' title="bbox 215 4399 794 4461">
    <p class='ocr_par' dir='ltr' id='par_1_19' title="bbox 215 4399 794 4461">
     <span class='ocr_line' id='line_1_39' title="bbox 215 4399 794 4461; baseline 0.01 -23"><span class='ocrx_word' id='word_1_337' title='bbox 215 4407 220 4415; x_wconf 93' lang='lat'>·</span> <span class='ocrx_word' id='word_1_338' title='bbox 243 4399 312 4441; x_wconf 81' lang='lat' dir='ltr'><strong>uon.</strong></span> <span class='ocrx_word' id='word_1_339' title='bbox 328 4403 365 4441; x_wconf 86' lang='grc' dir='ltr'><strong>ιι.</strong></span> <span class='ocrx_word' id='word_1_340' title='bbox 741 4404 758 4461; x_wconf 88' lang='lat'>3</span> <span class='ocrx_word' id='word_1_341' title='bbox 775 4405 794 4444; x_wconf 80' lang='lat' dir='ltr'><strong>s</strong></span> 
     </span>
    </p>
   </div>
   <div class='ocr_carea' id='block_1_7' title="bbox 0 0 1564 4716">
    <p class='ocr_par' dir='ltr' id='par_1_20' title="bbox 0 0 1564 4716">
     <span class='ocr_line' id='line_1_40' title="bbox 0 0 1564 4716; baseline 0 0"><span class='ocrx_word' id='word_1_342' title='bbox 0 0 1564 4716; x_wconf 95' lang='lat' dir='ltr'><strong> </strong></span> 
     </span>
    </p>
   </div>
  </div>
 </body>
</html>
