3132 4714
243 232 308 298 aas
659 223 662 229 ·
691 231 877 298 posnan
1317 245 1496 318 μμ,-

242 390 391 493 λογικὴν
412 392 589 498 ἀπείληφε
614 393 873 498 καρποφορίαν·
904 393 962 470 καί
987 393 1046 470 ε’πί
1069 390 1217 489 τούτοις,
1236 396 1265 470 εἰ
1290 389 1363 489 uris

242 520 445 625 ὀφθαλμοῖς
477 517 541 598 τὸν
568 517 733 621 Χριστὸν
765 515 896 602 ἰδόντες
928 519 992 598 οὐκ
1022 519 1249 614 ἐπίστευσαν,
1283 521 1342 598 καί

242 644 473 730 διδάσκοντος
491 643 707 730 ἀκούσαντες
725 650 755 724 εἰ
772 642 823 743 μὴ
840 642 1086 747 παρήκουσαν,
1104 649 1162 724 καὶ
1180 651 1210 724 εἰ
1227 641 1277 744 μὴ
1295 643 1341 723 rol

241 769 352 852 λοιπά
369 776 433 870 τῆς
450 771 670 877 προφητείας
687 771 931 874 ἐναργέστατα
952 770 1079 855 τέλους
1096 771 1252 875 τυχόντα
1268 768 1340 851 ἀπὸ

241 903 313 976 τῶν
331 895 470 1001 χρόνων
487 900 611 997 Ἰησοῦ
628 907 693 978 τοῦ
711 901 878 1000 Σωτῆρος
896 899 996 996 ἡμῶν
1014 896 1199 993 δείκνυται,
1214 897 1277 976 oria
1296 893 1381 979 ἀνιο

201 1023 293 1124 ςιεῖη
326 1021 431 1108 αὐτὸς
461 1027 481 1104 ὁ
513 1023 834 1130 προφητευόμενος.
895 1029 940 1104 Εἰ
968 1022 1005 1104 δέ
1032 1025 1092 1104 καί
1119 1029 1259 1130 τυφλῷ,
1276 1019 1341 1106 ‘uis

242 1156 348 1257 φασι,
367 1154 461 1250 δῆλα
488 1149 534 1230 τά
561 1157 634 1230 τῶν
658 1148 780 1252 λόγων
806 1151 1092 1250 ἀποτελέσματα,
1116 1150 1179 1230 οὐκ
1207 1148 1340 1228 άλλοτε

207 1281 209 1286 ’
240 1277 354 1378 ἢάπὸ
372 1284 445 1359 τῶν
462 1276 602 1384 χρόνων
617 1283 679 1377 τῆς
705 1279 910 1386 ἐπιφανείας
935 1278 1043 1357 αὐτοῦ
1067 1276 1371 1380 πστληρωμέναᾱ

241 1407 279 1485 τί
294 1404 363 1510 χρὴ
382 1404 512 1487 λοιπὸν
530 1409 588 1485 καί
606 1409 767 1509 περὶτῆς
785 1408 824 1484 έκ
841 1405 1019 1508 παρθένου
1044 1403 1216 1505 γενέσεως
1234 1404 1341 1484 αὐτοῦ

241 1530 456 1636 ἀμφιβόλως
474 1531 577 1635 ἔχειν,
595 1532 674 1635 οὐχί
701 1531 739 1611 δέ
764 1532 958 1634 εὐγνώμονι
984 1535 1154 1636 λογισμῷ
1178 1528 1251 1610 ἀπὸ
1269 1536 1340 1608 τῶν

241 1659 349 1738 εἰσέτι
374 1667 437 1739 νῦν
455 1659 643 1761 ὁρωμένων
661 1661 719 1738 καί
742 1657 808 1758 τὴν
826 1655 1008 1763 καταρχὴν
1026 1663 1099 1736 τῶν
1116 1654 1340 1758 πραγμάτων

241 1790 462 1864 πιστοῦσθαι
479 1817 488 1880 ;
519 1784 710 1886 Ὀροίμενα
724 1785 762 1866 δέ
780 1785 888 1866 εἰσέτι
907 1793 971 1866 νῦν
983 1784 1063 1864 τίνα
1081 1781 1125 1863 ἂν
1139 1783 1203 1884 ε’ίη,
1217 1785 1300 1862 ἀλλ’
1316 1781 1364 1883 ἢ,

240 1911 264 2008 ἡ
282 1912 463 1990 Ἰουδαίων
489 1917 537 1996 εἰς
562 1909 671 1991 αὐτὸν
688 1914 850 2010 ἀπιστία,
866 1913 1023 2016 ἐναργῶς
1047 1909 1139 1991 κατὰ
1160 1909 1224 1990 τὸν
1246 1944 1338 2015 χρη·

241 2035 338 2136 σμδν
354 2039 584 2141 πληρουμένη
610 2035 675 2119 τὸν
698 2038 899 2146 φάσκοντα
918 2045 1004 2154 ἀκοῇ
1030 2037 1201 2134 daciam,
1222 2046 1281 2116 καί
1308 2043 1342 2117 οὐ

241 2163 288 2268 μὴ
322 2163 444 2258 συνῆτε,
481 2173 541 2246 καί
575 2161 758 2257 βλέποντες
792 2160 964 2273 βλέφετι,
1001 2167 1062 2246 καί
1094 2171 1128 2246 οὐ
1161 2163 1207 2267 pair
1240 2161 1337 2251 ἴδητε·

202 2289 410 2388 ςοίπαχόνθη
435 2291 503 2400 γίιρ
522 2331 539 2387 η
561 2288 685 2396 καρδία
713 2295 768 2372 τιό
796 2295 882 2372 λαοῦ
910 2290 1032 2389 τιότου,
1051 2294 1110 2371 καί
1137 2291 1159 2390 ἡ
1186 2300 1336 2393 πολιορ·
1353 2329 1386 2363 10

185 2515 190 2526 ι
242 2418 302 2497 κία
323 2422 387 2516 τῆς
405 2416 655 2520 Ἰερουσαλὴμ,
674 2421 731 2498 καί
756 2428 820 2499 τοῦ
844 2417 960 2499 πάλαι
981 2420 1097 2498 αὐτῶν
1116 2416 1342 2518 ἁγιάσματιις

242 2543 264 2642 ἡ
283 2543 462 2644 παντελὴς
479 2544 667 2648 ἐρήμωσις,
686 2552 759 2625 τῶν
776 2580 814 2625 τε
833 2544 1058 2650 ἀλλοφύλων
1075 2547 1186 2625 ε’θνῶν
1204 2547 1261 2624 ἐπὶ
1279 2548 1343 2642 τῆς

243 2670 363 2775 χώρας
395 2672 511 2752 αὐτῶν
542 2673 747 2772 κατοίκησις
779 2671 870 2772 μετὰ
901 2671 1053 2773 κέντρων
1081 2671 1218 2768 αὐτοὺς,
1246 2672 1340 2750 τοῦτ’

245 2798 323 2878 ἔστι
363 2797 453 2898 μετά
489 2806 661 2902 σκληρῶν
698 2799 958 2900 ἐπιταγμάτων,
996 2797 1342 2896 καταδουλουμένων,

705 2946 764 3006 sote
777 2969 830 3005 om.
847 2951 877 3005 P.

245 3087 411 3143 rationalem
432 3087 606 3144 fertilitatem
626 3087 787 3162 uultumque
809 3088 1002 3162 accepissent:
1032 3089 1068 3145 ad
1087 3087 1156 3152 hoec,
1178 3088 1233 3145 uisi
1254 3087 1343 3145 oeulis

246 3166 391 3224 Christum
418 3167 513 3224 intuiti
541 3187 599 3224 non
627 3167 822 3232 credidissent.
851 3178 880 3226 et
907 3169 962 3226 uisi
992 3169 1142 3228 docentem
1169 3168 1343 3226 audivissent

244 3247 426 3322 auditumque
440 3247 622 3321 respuissent,
638 3261 667 3306 et
681 3249 735 3306 nisi
748 3249 864 3323 reliqua.
880 3268 942 3323 quae
957 3249 986 3306 in
1000 3249 1099 3307 eadem
1112 3249 1262 3324 prophetia
1274 3267 1341 3305 eon-

243 3328 380 3392 tinentur,
400 3336 467 3403 post
488 3337 617 3404 tempora
637 3329 707 3388 Jesu
732 3328 887 3388 Salvatoris
909 3331 1001 3388 nostri
1022 3331 1130 3388 exitum
1155 3331 1256 3388 sortita
1280 3348 1343 3386 esse

244 3410 471 3476 ostenderentur,
486 3429 553 3467 sane
568 3429 625 3466 non
639 3411 699 3484 ipse
715 3419 790 3468 esset
804 3409 960 3476 habendus,
977 3430 1060 3485 quern
1078 3411 1225 3486 prophetae
1239 3409 1341 3468 intelli-

244 3499 326 3566 guut.
368 3491 426 3548 Sed
440 3490 464 3547 si
478 3491 565 3548 ouivis
580 3491 624 3549 vel
638 3509 723 3556 caeco,
738 3500 771 3548 ut
785 3491 872 3556 aiunt,
888 3491 1035 3566 perspicua
1048 3491 1227 3548 oraculorum
1241 3497 1344 3548 eventa

245 3573 457 3647 existuntque
477 3572 590 3646 quidem
610 3591 668 3628 non
687 3571 756 3628 alias
777 3591 861 3647 quam
882 3581 948 3646 post
962 3581 1090 3646 tempora
1110 3573 1249 3630 adventus
1270 3571 1344 3628 illius

246 3653 387 3726 completa
399 3662 482 3710 sunt:
505 3653 573 3727 quid
587 3653 706 3727 amplius
721 3671 792 3727 opus
806 3662 850 3710 est
864 3653 899 3710 de
913 3653 987 3710 illins
1001 3661 1065 3710 ortu
1079 3672 1117 3710 ex
1131 3652 1242 3727 virgine
1263 3651 1342 3708 dnbi-

245 3741 315 3797 tare,
332 3752 365 3790 ac
380 3752 437 3790 non
452 3733 545 3808 potius
559 3733 684 3808 benigna
698 3732 818 3806 quadam
833 3733 1048 3792 ratiocinatione
1067 3753 1102 3790 ex
1122 3733 1156 3790 iis
1175 3753 1237 3808 qum
1250 3732 1344 3789 adhuc

246 3823 400 3870 cernuntur
413 3833 507 3871 rerum
522 3833 632 3888 quoque
645 3814 771 3890 ipsarum
786 3811 866 3872 initio
881 3813 966 3871 iidem
981 3813 1093 3872 facere?
1117 3814 1188 3872 Haeo
1201 3831 1270 3870 vero
1283 3813 1345 3886 ipsa

246 3911 308 3966 quae
333 3893 425 3950 adhuc
446 3903 608 3960 emuntur,
629 3913 691 3968 quae
715 3894 830 3951 tandem
855 3904 930 3960 sunt,
952 3895 1006 3952 nisi
1026 3894 1191 3952 ludaeorum
1213 3894 1243 3950 in
1265 3893 1344 3950 illum

247 3972 437 4040 incredulitas,
457 3977 533 4048 (quae
555 3975 715 4050 planissime
734 3975 889 4032 seeundum
908 3976 1000 4050 ipsum
1019 3976 1163 4033 oraculum
1178 3973 1344 4048 completur,

94 4081 120 4115 ·,
141 4101 147 4123 ,
171 4100 176 4113 .
248 4052 323 4128 qnod
344 4053 392 4117 ait.
406 4055 512 4111 Audita
533 4056 651 4112 audietis
671 4063 698 4112 et
717 4073 770 4112 uon
788 4056 954 4130 intelligetis,
970 4064 997 4112 et
1016 4057 1150 4114 inuentos
1166 4055 1344 4120 intueliraiai,

247 4140 274 4188 et
288 4150 341 4186 non
355 4133 476 4188 videbitis
485 4157 495 4188 .·
518 4154 638 4192 ιταςκιιυι
658 4139 729 4192 erun
740 4135 853 4209 sactum
872 4144 916 4194 est
929 4155 975 4194 cor
986 4138 1083 4211 populi
1096 4134 1200 4208 λιμοι.)
1214 4143 1245 4191 et
1258 4133 1346 4208 ipsius

248 4211 425 4267 Hierusalem
448 4211 578 4268 obsidio?
600 4223 629 4271 et
643 4215 727 4287 prisci
745 4216 819 4272 illius
840 4214 991 4274 sanctuarii
1006 4225 1134 4274 extrema
1147 4214 1294 4272 solitudo?
1316 4223 1346 4270 et

247 4299 426 4346 externarum
456 4290 593 4362 gentium,
617 4312 678 4366 quae
701 4295 830 4360 stimulis,
854 4295 908 4353 hoo
933 4303 977 4352 est
1001 4296 1189 4370 asperioribus
1211 4295 1346 4368 imperiis,
