3144 4720
279 259 343 326 tas
728 256 914 364 EUSEBII
1359 272 1495 338 p393-

280 419 409 530 Σοφίαν
446 423 642 530 συντάξας.
714 425 813 502 Μεθ’
853 422 895 502 ὃν
931 424 1048 524 ἔτερος
1085 422 1272 522 ὁμιύυυμσς
1309 431 1381 504 τοῖς

278 546 439 652 πρόσθεν
456 551 581 633 Ὀνίας
611 551 756 650 ἡγεῖται,
784 551 865 629 καθ’
897 547 938 628 δν
965 549 1152 652 Ἀντίοχος
1181 547 1263 632 τούς
1289 550 1377 628 Ἰον-

242 673 397 757 ababuc
423 671 670 776 πολιορκήσας
689 672 883 775 ἑλληνίζειν
904 672 1158 776 κατηνάγκαζε.
1221 677 1318 754 Μεθ’
1338 672 1377 752 ὃν

278 798 443 902 προστὰς
460 805 532 878 τῶν
553 797 777 902 πραγμάτων
795 798 941 896 Ἰούδας,
961 802 981 878 ὁ
1006 802 1207 898 ἐπικληθεὶς
1226 804 1377 880 Μακκα-

277 931 391 1019 βαῖος,
409 925 622 1030 ε’ξεκάθηρεν
639 932 711 1004 τῶν
729 929 875 1020 ἀσεβῶν
893 925 959 1024 τὴν
981 926 1116 1028 χώραν·
1147 923 1189 1003 ὃν
1206 927 1249 1003 'd
1275 927 1413 1002 ridell-¹0

279 1048 349 1154 φύς
366 1048 535 1150 Ἰωνάθης
560 1049 768 1155 διαδέχεται.
831 1053 904 1130 Καὶ
926 1049 1039 1130 πάλιν
1068 1051 1200 1147 Σίμων,
1219 1049 1262 1128 οὗ
1289 1049 1378 1131 κατὰ

277 1174 343 1275 τὴν
361 1174 528 1276 τελευιὴν
547 1177 701 1274 ἕβδομον
718 1180 777 1255 καὶ
805 1173 1076 1275 ἑβδομηκοστὸν
1102 1177 1161 1254 καὶ
1186 1174 1377 1257 ἑκάταστου

278 1301 355 1385 έτος
385 1301 623 1407 ἐξαριθμεῖται
661 1306 726 1400 τῆς
757 1299 850 1380 κατὰ
879 1302 1012 1402 Συρίαν
1041 1305 1153 1404 ἀρχῆς
1180 1299 1224 1401 1’ἡ
1255 1300 1378 1404 πρώτη

279 1427 478 1526 καλουμένη
497 1433 568 1506 τῶν
587 1428 838 1520 Μακκαβαίων
855 1428 998 1521 βίβλος,
1017 1431 1065 1508 εἷς
1083 1433 1189 1505 τοῦτο
1208 1434 1272 1506 τοῦ
1290 1424 1376 1528 χρό

835 1552 845 1581 Ι

241 1575 343 1630 ravon
361 1551 621 1631 οκαταλύσασα
639 1549 706 1650 τὴν
724 1556 897 1653 ἱστοριαν.
932 1549 1048 1628 Ὥστε
1067 1549 1293 1650 συνάγεσθαι
1309 1547 1476 1636 &ripum

278 1676 423 1777 πράττου
437 1675 535 1760 έτους
552 1677 673 1778 Κύρου
692 1679 751 1756 καὶ
772 1681 928 1778 Περσῶν
940 1675 1131 1769 βασιλείας
1145 1677 1203 1755 ἐπὶ
1220 1673 1378 1760 τὸτέλος

278 1806 341 1899 τῆς
359 1809 433 1881 τῶν
452 1802 701 1896 Μακκαβαίων
718 1806 864 1904 γραφῆς
886 1803 944 1880 καὶ
969 1804 1027 1880 ε’πὶ
1052 1801 1118 1898 τὴν
1137 1801 1300 1900 Σίμωνος
1316 1808 1377 1880 τοῦ

278 1927 466 2030 ἀρχιερέως
489 1926 658 2025 τελευτὴν
682 1927 743 2027 ἔπη
761 1925 975 2028 τετρακόσια
995 1925 1224 2006 είκασιπέιπε·
1256 1928 1336 2024 μεθ’
1355 1925 1397 2004 ts

278 2051 448 2152 Ἰωνάθης
465 2053 532 2152 τὴν
553 2053 830 2156 ἀρχιερωσύνην,
851 2056 899 2136 ὡς
918 2049 958 2131 “d
978 2051 1157 2150 Ἰώσηπός
1175 2059 1281 2156 φησι,
1300 2056 1374 2132 δια·

279 2179 417 2282 δέχεται
443 2181 501 2259 ε’πὶ
525 2179 641 2258 ε”τεσιν
669 2178 786 2258 οε’ννεά
815 2181 873 2258 καὶ
901 2178 1025 2257 ε’ίκοσι.
1087 2180 1186 2258 Μεθ’
1217 2177 1259 2259 ὃν
1276 2181 1374 2281 Ἀρι-

270 2304 482 2397 ’στύβουλος
509 2303 667 2382 ἐνιαυτὸν
697 2305 841 2404 ἡγεῖται,
865 2302 904 2386 ὃς
931 2311 1072 2406 πρῶτος
1098 2303 1189 2400 μετὰ
1215 2303 1281 2403 τὴν
1308 2302 1376 2386 ἀπὸ

284 2433 502 2521 Βαβυλῶνος
534 2427 708 2508 ἐπάνοδον
737 2427 911 2528 ίδιάδημα
943 2429 1137 2524 βασιλικὸν
1168 2431 1377 2531 περιτίθεται

245 2589 274 2638 74
283 2552 373 2657 πρὸς
389 2559 435 2658 τῇ
453 2553 711 2658 ἀρχιερωσύνη.
757 2560 897 2634 Τοῦτον
915 2555 1110 2658 διαδέχεται
1127 2555 1376 2662 Ἀλέξανδρος,
1387 2584 1413 2618 ¹0

280 2681 455 2775 βασιλεύς
482 2679 556 2779 ἅμα
581 2682 639 2758 καὶ
666 2680 854 2783 ἀρχιερεύς,
874 2680 970 2759 ἔτεσι
995 2686 1054 2759 καὶ
1079 2679 1186 2766 αὐτὸς
1210 2683 1301 2762 ἔπτὰ
1322 2686 1376 2762 καὶ

323 2827 434 2880 stom.
452 2827 478 2879 S.
570 2819 656 2896 λἤδη]
675 2823 689 2892 ἡ
704 2825 735 2880 Ρ.
833 2825 1001 2896 θκατελυσε]
1016 2826 1188 2882 καταλύσασα
1202 2828 1233 2883 P.
1335 2823 1376 2880 dd

282 2923 335 2958 om.
352 2906 380 2958 S.
567 2907 664 2960 θέννεα
678 2906 720 2959 καὶ
733 2902 829 2977 εἴκοσι]
847 2907 982 2976 τριάκοντα
996 2905 1106 2977 δοοςρΙι.
1122 2909 1152 2961 Α.
1169 2907 1195 2962 J.
1210 2907 1271 2961 XX.
1290 2925 1334 2973 10,
1346 2925 1374 2979 3.

283 2980 294 3017 δ
305 2984 426 3055 διάδημα]
444 2984 554 3055 Joseph.
570 2986 601 3038 Α.
612 2985 638 3037 J.
651 2984 730 3038 Xlll.
750 3001 796 3048 11,
816 3001 841 3041 1.

282 3094 450 3166 composuit.
493 3093 561 3149 Post
582 3113 665 3167 quem
687 3095 757 3151 alius
782 3095 882 3152 eodem
908 3113 971 3152 oum
993 3096 1134 3170 prioribus
1155 3097 1271 3154 nomine
1292 3098 1376 3154 Oniea

283 3173 403 3250 praefuit,
418 3173 502 3248 hujus
516 3174 659 3248 pontificis
673 3183 800 3249 tempore
814 3175 981 3240 Antiochus,
996 3195 1083 3250 quum
1097 3177 1212 3233 Jndaeos
1234 3178 1376 3234 obsidione

282 3254 439 3328 fatigasset,
450 3254 616 3311 Graecorum
631 3255 731 3313 ritibus
746 3256 786 3312 uti
801 3256 905 3330 coegit.
931 3254 1018 3313 Hunc
1033 3266 1146 3314 secutus
1157 3257 1255 3322 ludas,
1271 3275 1374 3333 cogno-

283 3342 380 3391 mento
394 3333 582 3401 Membrone,
598 3335 665 3392 dum
680 3337 764 3393 rebus
774 3335 939 3392 Judaeorum
954 3346 1066 3410 praeest,
1075 3337 1222 3412 regionem
1237 3338 1273 3394 ab
1287 3336 1375 3411 impiis

282 3425 312 3472 et
325 3413 450 3490 profanis
466 3424 651 3490 expurgatam
667 3414 804 3472 liberarit.
848 3417 902 3472 Cui
923 3417 1048 3474 succedit
1064 3417 1154 3474 frater
1166 3417 1315 3485 Jonatnas,
1329 3417 1374 3472 de·

282 3496 348 3554 inde
363 3495 481 3553 Simon:
505 3496 557 3552 sub
572 3497 652 3571 cujus
667 3505 788 3553 mortem
804 3495 884 3571 regni
899 3496 974 3570 quod
992 3497 1066 3571 apud
1082 3501 1169 3572 Syros
1183 3497 1274 3572 viguit
1290 3515 1375 3553 annus

282 3585 447 3633 numeratur
468 3576 604 3650 septimns
625 3585 654 3632 et
675 3576 900 3650 septuagesimus
925 3593 1009 3650 supra
1030 3577 1225 3642 centesimum,
1247 3578 1284 3634 ad
1304 3575 1375 3650 quod

206 3707 239 3721 ,,
283 3675 350 3714 sane
377 3665 490 3731 tempus
518 3655 625 3729 primus
656 3655 703 3730 qui
731 3656 958 3712 Maccahaeorum
983 3666 1102 3713 vocatur
1134 3657 1206 3713 liber
1232 3657 1374 3714 historiam

161 3743 190 3771 ¹·
282 3736 406 3800 deducit,
421 3755 453 3792 ac
468 3737 618 3792 deductam
632 3736 773 3809 relinquit.
821 3737 919 3809 Itaque
933 3755 950 3792 a
964 3736 1056 3809 primo
1070 3755 1146 3792 anno
1160 3737 1229 3812 Cyri
1243 3737 1375 3812 regnique

282 3817 430 3873 Persarum
441 3817 476 3871 ad
487 3825 642 3872 extremum
654 3814 779 3871 historiae
788 3815 1015 3872 Maccahaeorum
1025 3817 1110 3872 finem
1120 3815 1301 3890 Simonisque
1310 3835 1376 3890 pon·

281 3895 365 3952 tificis
380 3903 500 3952 mortem
511 3895 578 3952 anni
589 3895 760 3970 colliguntur
771 3896 970 3968 quadringenti
981 3896 1082 3970 viginti
1093 3896 1226 3969 quinque.
1259 3897 1378 3953 Posthac

280 3993 348 4031 vero
359 3975 377 4030 J
379 3975 507 4038 onathas,
521 3975 699 4050 [Hyrcanos]
712 3982 743 4030 nt
755 3975 852 4032 scribit
861 3975 1012 4049 Josephus,
1025 3976 1220 4050 pontificatum
1232 3985 1379 4051 exceptum

281 4070 331 4124 per
353 4071 443 4108 annos
467 4055 568 4126 viginti
592 4073 695 4111 novem
719 4055 907 4111 administrat.
953 4055 1040 4112 Hunc
1065 4066 1179 4112 secutus
1203 4056 1379 4113 Aristobnlus

280 4147 386 4183 annum
401 4147 487 4184 unum
502 4141 620 4202 praeest:
645 4135 690 4188 hic
704 4133 811 4208 primus
830 4143 895 4207 post
910 4136 1030 4190 reditum
1045 4135 1080 4190 de
1095 4135 1241 4210 Babylone
1251 4137 1292 4192 ad
1306 4155 1376 4208 pon-

280 4205 393 4259 tificiam
416 4205 582 4277 dignitatem
604 4211 723 4281 amplius
745 4213 855 4284 regium
875 4213 1005 4268 diadema
1026 4215 1153 4269 additum
1168 4215 1221 4271 sibi
1235 4215 1377 4288 imposuit.
1396 4251 1409 4270 .

281 4282 356 4336 Huic
377 4283 502 4337 succedit
522 4293 550 4339 ct
570 4303 619 4340 rex
638 4287 713 4342 idem
731 4298 759 4343 et
780 4291 908 4362 pontifex
923 4291 1095 4359 Alexander,
1111 4294 1158 4366 qni
1172 4302 1201 4350 et
1215 4293 1275 4366 ipse
1289 4311 1377 4349 annos
