3132 4714
251 239 315 308 652
697 242 882 309 nnsnnu
1327 245 1515 328 Wo-

251 403 434 504 παρθένου
459 404 730 510 προφητείεται,
764 410 821 486 καὶ
859 404 950 485 κατὰ
986 404 1028 484 τὸ
1065 403 1151 485 αι’ντό
1184 411 1299 513 φησιν
1330 405 1350 483 ὁ

251 531 360 632 λόγος
387 531 453 630 τὴν
477 530 542 629 μὲν
564 531 679 613 πάλαι
706 531 938 640 καρποφόρον
965 538 1034 634 γῆν
1056 533 1097 612 τὸ
1126 537 1211 636 πρὶν
1236 533 1351 611 οὖσαν
1362 566 1393 600 10

250 657 378 761 χιλίων
396 659 535 738 σίκλων
552 664 600 743 είς
619 659 752 764 χέρσον
770 661 920 742 ἒίτεσθαι
945 664 1004 740 καὶ
1025 665 1074 744 είς
1095 660 1264 756 ἄκανθαν,
1281 664 1350 738 πθ·

251 782 324 862 σάν
340 819 379 864 τε
397 783 463 884 τὴν
483 790 552 886 γῆν
569 788 686 866 αὐτῶν
705 786 763 867 διὰ
784 786 826 866 τὸ
850 788 1018 890 γενέσθω
1044 793 1092 870 είς
1117 786 1276 866 ἄκανθαν
1292 788 1380 865 naid

251 916 299 993 είς
318 911 451 1014 χέρσον
464 911 784 1015 παραδοθήσεσθαι
802 920 875 996 τοῖς
893 911 983 1010 μετὰ
1001 909 1134 1006 βέλους
1152 915 1209 991 καὶ
1228 910 1350 1018 τοξεύ-

250 1069 363 1134 ματος
392 1039 728 1134 “είσελευσομε’νοις·
759 1038 964 1119 τούναντίον
992 1036 1030 1118 δὲ
1061 1039 1253 1118 πείσεσθαι
1278 1045 1351 1118 πᾶν

252 1161 346 1265 ὄρος·
377 1164 448 1244 ἀπὸ
466 1173 554 1265 γοῦν
567 1170 631 1265 τῆς
648 1165 822 1268 προτέρας
839 1165 976 1269 χέρσου
994 1169 1052 1243 καὶ
1070 1162 1227 1264 ἀκάνθης
1244 1191 1374 1262 μετα-ο

251 1297 448 1384 βαλεΐσθαι
467 1299 513 1377 είς
530 1295 699 1398 βόσκημα
718 1290 890 1396 προβάτου
911 1301 970 1372 καὶ
996 1289 1243 1397 ιιιιτοιποίτημοι
1260 1292 1350 1388 βίος,

251 1412 348 1494 ὥστε
365 1416 452 1496 αὐτὸ
470 1417 752 1522 Σἀροτριοίμενον
770 1416 1097 1521 ἀροτριαθήσεσθαι
1122 1419 1180 1497 καὶ
1198 1416 1248 1516 μὴ
1265 1419 1345 1497 ἐπε-

211 1541 448 1624 υολεόσεσθαι
469 1545 541 1624 ἐκεῖ
559 1542 688 1649 φόβον.
750 1545 808 1622 Δι’
829 1539 879 1622 ὦν
896 1550 1028 1650 σαφῶς
1046 1544 1199 1645 ἡγοῦμαι
1217 1545 1350 1642 σημαί-

251 1675 376 1749 νεσθαι
393 1667 460 1766 τὴν
477 1677 540 1749 τοῦ
560 1673 726 1772 Σωτῆρος
746 1670 846 1767 ἡμῶν
863 1671 902 1749 ἐκ
923 1669 1101 1774 παρθένου
1120 1668 1272 1770 γεύεσιν,
1291 1673 1349 1749 καὶ

249 1793 296 1873 τό
313 1793 403 1894 μετὰ
420 1795 552 1894 ταύτην
571 1799 660 1894 ὁμοῦ
685 1799 743 1876 καὶ
769 1795 908 1898 ἀθρόως
925 1796 1107 1879 Ἰουδαίοις
1130 1829 1169 1874 τε
1195 1799 1252 1876 καὶ
1276 1802 1349 1879 τοῖς
1359 1827 1391 1862 ¹⁰

250 1927 389 2004 λοιποῖς
417 1920 535 2002 ἔθνεσι
566 1922 835 2022 συμβεβηκότα,
862 1922 928 2024 τὴν
957 1930 1046 2023 γοῦν
1078 1923 1252 2024 ἑκατέρων
1278 1928 1350 2001 τῶν

249 2046 443 2147 ταγμάτων
460 2053 509 2130 είς
526 2048 729 2128 τούναντίον
747 2047 955 2150 μεταβολὴν
972 2048 1015 2148 ’ἡ
1034 2049 1236 2154 προφητεία
1252 2082 1346 2150 παρ·

250 2172 407 2272 ίστησιν,
425 2183 488 2254 τοῦ
511 2173 575 2276 μὲν
594 2175 774 2254 Ἰουδαίων
798 2173 920 2258 ἔθνους
945 2173 1010 2273 τὴν
1033 2175 1105 2254 ἀπὸ
1130 2180 1203 2253 τῶν
1231 2208 1345 2276 κρειτ-

248 2296 362 2379 τόνων
380 2302 438 2382 ἐπὶ
456 2300 499 2381 τὸ
516 2309 645 2405 χεῖρον,
658 2305 720 2400 τῆς
740 2299 777 2380 δὲ
796 2301 840 2407 ἐξ
855 2303 967 2380 ἐθνῶν
981 2302 1174 2399 ἐκκλησίας
1192 2298 1259 2400 τὴν
1278 2299 1349 2382 ἀπὸ

248 2430 313 2525 τῆς
343 2426 458 2507 πόλοι
488 2430 633 2530 ἐρημίας
665 2429 722 2506 ἐπὶ
754 2428 820 2525 τὴν
848 2426 938 2506 κατὰ
967 2426 1062 2508 θεὸν
1090 2429 1389 2532 καρποφορίανμε

249 2551 340 2656 ἅπερ
357 2556 439 2634 καθ’
454 2553 515 2633 ἕνα
533 2557 590 2634 καὶ
609 2552 673 2633 τὸν
689 2553 797 2633 αὐτὸν
816 2552 939 2656 καιρὸν
952 2557 1016 2652 τῆς
1033 2561 1097 2633 τοῦ
1115 2551 1390 2654 ἘμμανουὴλΡ·
1400 2573 1475 2642 327

249 2681 453 2788 ἐπιφανείας
470 2680 815 2780 ε’πιτελεσθήσεσθαι
828 2680 1128 2787 προφητευθέντα,
1142 2689 1220 2765 ταῖς
1236 2713 1348 2783 προρ-

248 2807 402 2910 ρήσεσιν
419 2807 625 2892 ἀκολούθως
650 2810 713 2887 οὐκ
739 2807 873 2887 ἄλλοτε
899 2807 921 2907 ἦ
945 2805 1036 2907 μετὰ
1053 2804 1119 2907 τὴν
1137 2815 1201 2887 τοῦ
1220 2811 1344 2905 Σωτῆ-

289 2987 305 3018 fl
319 2979 542 3048 ιίσελκυσομένοις
556 2997 610 3034 om.
627 2979 657 3034 P.
767 2987 781 3015 ¹
795 2978 988 3050 όρυτριώμινον
1002 2980 1034 3033 P.
1140 2989 1156 3036 l
1170 2979 1185 3048 ἡ
1198 2979 1345 3051 προφητεία

248 3059 378 3116 -ἕθνους
390 3060 452 3114 cdd.
469 3060 499 3113 P.
526 3059 750 3128 rdvnlvtuntum
765 3061 827 3115 edd.

249 3194 366 3260 canitur,
388 3202 418 3251 et
438 3193 542 3270 pariter
562 3194 653 3270 inquit
673 3195 829 3263 oraculum,
844 3213 906 3269 quie
927 3193 994 3252 olim
1016 3195 1116 3253 fertilis
1136 3203 1213 3252 tem
1233 3201 1263 3250 et
1283 3211 1346 3267 ηαοι

248 3273 325 3350 prius
348 3275 423 3332 mille
448 3275 580 3333 eiolorum
601 3283 671 3341 erat,
696 3277 726 3332 in
751 3285 856 3333 terrum
880 3275 1015 3333 incultam
1041 3277 1146 3333 enitet
1171 3275 1200 3330 in
1225 3274 1345 3350 spinam.

248 3356 396 3431 omnisque
411 3375 508 3414 eorum
523 3369 607 3424 terra,
621 3365 772 3433 propterea
785 3355 861 3431 quod
874 3357 971 3414 future
984 3355 1021 3413 eit
1032 3355 1061 3412 in
1076 3356 1186 3432 spinam
1201 3363 1231 3412 et
1240 3363 1346 3411 terrum

212 3445 216 3454 '
247 3437 393 3504 incultum,
408 3437 536 3495 trudetur
549 3437 584 3494 iic
598 3438 645 3512 qui
659 3454 724 3494 cum
738 3436 844 3512 sagitto
856 3445 885 3492 et
896 3455 963 3493 arcu
977 3437 1122 3494 accedent.
1164 3433 1346 3492 Contrarium

247 3536 316 3575 vero
329 3519 453 3594 potietur
467 3519 559 3576 omnio
574 3537 672 3574 mone:
688 3536 754 3574 uum
769 3536 786 3573 n
800 3515 893 3595 priore
906 3516 1013 3573 inculta
1026 3525 1102 3573 term
1115 3524 1146 3573 et
1159 3515 1240 3590 opine
1253 3523 1345 3570 muto·

247 3597 324 3655 bitur
338 3601 365 3657 ιἰι
383 3619 487 3674 pascuo
502 3603 567 3663 οοίι,
582 3607 610 3655 et
626 3599 852 3654 conculcationem
874 3597 964 3653 bovis:
987 3597 1081 3671 itaque
1101 3595 1161 3670 ipne
1182 3594 1228 3669 qui
1251 3603 1348 3651 uratur

248 3680 380 3743 arabitur,
405 3697 495 3755 neque
523 3679 589 3736 illuc
612 3686 704 3734 terror
731 3677 870 3734 adveniet.
912 3677 1023 3746 Quibus
1047 3676 1141 3734 verbio
1165 3675 1248 3750 pinne
1272 3673 1345 3731 urbi-

247 3766 308 3814 tror
329 3759 481 3834 significari
502 3757 659 3815 Salvatorie
677 3758 767 3814 noetri
787 3765 880 3813 ortum
901 3756 936 3814 de
954 3757 1074 3834 virgine,
1095 3765 1125 3814 ct
1144 3773 1206 3830 ηοω
1228 3754 1348 3829 posthoc

248 3838 330 3894 simul
358 3848 441 3914 utque
475 3839 626 3896 acervatim
655 3846 684 3894 et
711 3837 819 3894 Judaeis
846 3845 876 3894 et
903 3837 1017 3912 reliquis
1047 3835 1181 3912 gentibus
1212 3843 1348 3892 eventurn

246 3925 346 3974 eraut:
370 3919 507 3992 siquidem
530 3919 674 3993 utriusque
697 3916 805 3973 ordinis
827 3919 1013 3975 mutationem
1038 3919 1067 3974 in
1087 3917 1259 3974 contrarium
1281 3933 1346 3989 pro·

247 3996 345 4070 phetin
366 3998 551 4063 demonstrat,
566 3999 691 4056 Judnicae
706 3998 819 4072 quidem
837 3999 932 4072 gentio
949 4017 967 4054 u
986 3997 1102 4055 meliore
1124 3997 1153 4052 in
1174 3997 1264 4071 pejus,
1287 3995 1346 4052 col-

247 4077 328 4133 lectee
343 4086 436 4134 nutem
452 4079 488 4136 de
503 4078 637 4154 gentibus
648 4078 783 4140 eeclesiae,
796 4097 813 4134 a
825 4078 920 4152 priore
935 4077 1083 4135 sterilitate
1097 4095 1130 4134 uc
1144 4075 1307 4141 solitudine,
1319 4076 1347 4132 iu

247 4154 420 4212 fertilitatem
443 4159 596 4214 secundum
617 4159 719 4221 Deum,
734 4176 796 4231 ηοω
817 4158 930 4232 quidem
954 4160 1021 4215 dum
1044 4159 1096 4216 sub
1115 4176 1203 4214 unum
1223 4165 1253 4213 et
1271 4155 1348 4212 idem

246 4240 359 4308 tempus
381 4252 436 4306 quo
457 4235 622 4292 Emmanuel
645 4236 775 4293 adveniet
796 4237 968 4294 absolvenda
988 4247 1136 4302 canuntur,
1151 4237 1258 4294 oraculi
1274 4235 1347 4292 veri·

247 4319 334 4367 tatem
355 4321 474 4368 eventus
494 4315 697 4387 comprobavit.
742 4315 811 4371 Non
829 4317 903 4372 enim
925 4318 993 4374 nlius
1013 4337 1096 4393 quem
1111 4325 1176 4392 poet
1191 4315 1349 4376 Salvatoris
