3120 4716
55 247 192 314 -449.
425 232 653 298 nnuousu.
677 233 847 299 avano.
872 235 940 298 1x.
962 255 1009 320 13.
1240 237 1304 306 ων

199 395 384 492 δείκνυται,
412 395 472 476 ὅτε
502 402 561 476 καὶ
593 400 650 479 ἐπὶ
684 398 869 484 τοσούτοις
898 397 988 499 μετὰ
1017 408 1130 479 ταῦτα
1161 399 1302 504 χρόνοις
1312 427 1342 489 Ρ·
1353 403 1416 490 ’449

199 520 346 623 διαρκῆς
364 524 422 602 καὶ
439 524 603 622 ἀνίκητος
622 526 680 604 καὶ
699 528 747 608 ὡς
765 527 910 624 ἀληθῶς
924 529 1019 604 Θεοῦ
1034 521 1154 626 Λόγος
1173 529 1193 605 ό
1211 526 1302 629 πρὸς

197 647 306 726 αὑτοῦ
334 651 591 749 καταγγελθεὶς
621 650 877 748 ἀποδείκνυται,
901 649 1038 734 πάντας
1067 651 1296 755 ὑπερβαλλό-

196 805 303 870 μενος
319 770 402 856 τοῦς
421 777 576 879 ἀρχῆθεν
595 777 652 855 καὶ
670 775 775 880 μέχρι
793 784 880 855 ’τοῦ
899 785 962 856 νῦν
980 775 1046 876 τῆν
1064 779 1322 859 διδασκαλίανε

197 899 307 978 αὐτοῦ
335 907 507 998 πολεμεῖν
533 901 899 1003 παρεσκευασμένους,
927 901 971 1008 ἐξ
996 902 1142 1002 ἀπάσης
1168 937 1206 984 τε
1235 909 1300 1004 τῆς

198 1022 402 1124 οἰκουμένης
426 1023 646 1125 ὑπαγόμενος
672 1030 785 1133 ἑαυτῷ
811 1029 919 1130 μυρία
942 1026 1078 1128 πλήθη,
1096 1032 1154 1108 καὶ
1178 1029 1301 1130 πάσης

197 1146 263 1246 μέν
280 1149 453 1252 ἀμαρτίας
472 1154 529 1232 καὶ
547 1157 620 1231 τῶν
638 1151 729 1232 κατὰ
747 1150 872 1257 ψυχὴν
889 1159 1015 1232 παθῶν
1040 1187 1077 1233 τε
1102 1158 1160 1234 καὶ
1183 1189 1294 1255 νοση-

196 1273 321 1372 μιίτων
341 1272 423 1359 τοὺς
447 1277 544 1384 αὐτῷ
567 1275 785 1381 προσιόντας
807 1278 1075 1375 ἀπαλλάσσων,
1093 1282 1151 1360 ε’πὶ
1173 1279 1210 1360 δὲ
1232 1279 1338 1380 τῆνιο

195 1401 328 1500 εὐσεβῆ
366 1402 602 1482 διδασκαλίαν
633 1405 741 1483 αὑτοῦ
777 1409 850 1483 πᾶν
882 1405 984 1504 γένος
1012 1402 1204 1504 Ἑλλήνων
1238 1412 1296 1486 καὶ

194 1525 392 1630 βαρβάρων
409 1527 736 1630 προσκαλούμενος,
750 1530 895 1632 μυρίους
912 1564 951 1608 τε
970 1529 1079 1615 θσους
1097 1533 1325 1633 προσοίγωνὶ)

194 1654 252 1732 ἐπὶ
270 1651 336 1753 τῆν
353 1662 418 1734 τοῦ
435 1653 545 1752 μόνον
563 1658 622 1736 καὶ
640 1658 797 1754 ἀληθοῦς
815 1661 910 1736 Θεοῦ
928 1663 1065 1758 γνιῦσιν
1089 1658 1149 1737 ἐπί
1168 1692 1207 1738 τε
1232 1659 1296 1742 τὸν

195 1779 276 1880 ὑγιῆ
294 1780 352 1858 καὶ
372 1779 547 1884 σιόφρονα
563 1779 656 1880 βίον,
671 1781 730 1865 ’ὃς
748 1782 792 1882 δῆ
811 1785 868 1861 καὶ
887 1783 1033 1884 πρέπων
1050 1782 1103 1882 είη
1121 1780 1166 1862 ἀν
1184 1787 1294 1888 ἀπαγ-

157 1905 300 2012 ιογελίρ
318 1907 507 2008 θρησκείας
525 1915 589 1986 τοῦ
606 1909 664 1988 ἐπὶ
681 1904 826 1988 πάντων
845 1912 953 1987 Θεοῦ.
997 1908 1115 1992 Οῦτος
1133 1908 1170 1989 δὲ
1188 1910 1316 1996 αὐτδςε

192 2031 215 2110 ὁ
232 2029 325 2114 Θεὸς
350 2030 460 2130 ῆριῦν,
479 2028 542 2111 ἀπε
567 2031 756 2137 τυγχάνων
775 2039 870 2113 Θεοῦ
889 2032 1017 2136 Λόγος,
1039 2039 1149 2144 κρίσιν,
1169 2040 1294 2142 φησὶν,

191 2151 454 2247 ἀνταποδίδωσι,
491 2164 550 2237 καὶ
588 2154 831 2249 ἀνταποδόσει,
865 2157 965 2245 ariri(
998 2161 1064 2267 ἥξει
1099 2169 1158 2241 καὶ
1192 2163 1293 2244 σιόσει

190 2284 292 2384 alpia
350 2280 455 2362 Κατὰ
489 2281 559 2385 γάρ
592 2279 655 2363 τὸν
690 2281 847 2382 Ψαλμῦν
880 2283 1062 2390 φήσαντα,
1093 2296 1107 2369 o‘
1141 2287 1226 2373 Θεῦς
1256 2287 1293 2369 τό

192 2406 299 2514 κρίμα
317 2443 376 2488 σου
395 2417 441 2515 τῷ
457 2410 606 2503 βασιλεῖ
622 2405 689 2500 θός,
709 2413 767 2490 καὶ
786 2410 877 2490 κατὰ
895 2410 960 2510 τῆν
979 2410 1211 2513 εὐαγγελικῆν
1231 2416 1286 2492 δι·

189 2535 403 2632 δασκαλίαν,
427 2536 469 2614 δι’
495 2534 538 2634 ῆς
564 2534 707 2636 εἴρηται,
734 2546 749 2617 i
778 2535 887 2642 πατήρ
917 2543 1005 2643 κρίνει
1036 2534 1161 2628 οὐθένα,
1185 2538 1330 2620 ἀλλάιο

189 2658 241 2753 τῆν
267 2665 368 2768 κρίσιν
394 2664 513 2764 παῖσαι
537 2657 660 2742 δέδωκε
684 2671 731 2770 τῷ
755 2672 824 2766 υἱῷ,
843 2661 942 2766 παρὰ
969 2672 1032 2743 τοῦ
1059 2662 1195 2766 πατρὸς
1222 2661 1313 2764 τῆνο

187 2794 252 2866 τοῦ
282 2787 410 2890 κρίνειν
439 2785 596 2892 εἰληφὼς
625 2787 803 2894 ἐξουσίαν,
833 2789 1037 2893 δικαιοσύνη
1069 2791 1207 2891 κρίνων,
1237 2796 1287 2895 τῷ

540 2947 555 2980 ¹
570 2937 630 3010 τοῦ]
647 2943 698 2994 τιῦν
712 2939 744 2994 P.
827 2941 890 2996 Ηνς
904 2940 932 2995 S.

185 3063 245 3114 tam
259 3057 365 3114 multoe
379 3075 469 3115 annos
482 3067 548 3133 post
562 3059 609 3115 illa
622 3077 684 3134 quae
699 3059 804 3133 scripta
817 3069 884 3116 aunt
898 3059 981 3116 durat
994 3059 1125 3126 inviotua,
1138 3067 1167 3118 et
1178 3079 1208 3116 re
1218 3078 1286 3116 vera

185 3137 240 3196 Dei
261 3137 388 3195 Verbum
414 3156 486 3202 eoae,
508 3139 585 3213 quod
606 3138 643 3196 ab
667 3139 730 3213 ipao
755 3139 952 3196 denuntiatum
979 3149 1032 3206 est.
1053 3141 1282 3197 demonstratur:

184 3227 283 3294 utpote
304 3217 381 3294 quod
400 3236 500 3276 omnes
517 3219 578 3293 jorn
592 3219 700 3282 vicerit,
716 3217 874 3292 quicunque
895 3220 931 3276 ab
951 3219 1031 3276 initio
1052 3220 1175 3279 inbono
1196 3237 1284 3294 usque

183 3297 259 3356 diem
280 3298 437 3356 doctrinam
460 3298 546 3372 ipsius
569 3316 735 3376 oppugnare
751 3298 846 3355 conati
867 3298 933 3365 sint,
956 3308 1041 3356 etex
1063 3299 1193 3356 universo
1215 3298 1283 3356 orbe

183 3378 402 3436 innumerabiles
417 3387 572 3437 conventu·
592 3377 628 3435 od
649 3377 772 3452 reipsum
789 3377 900 3434 assidue
914 3377 1018 3440 trahat.
1033 3387 1062 3434 et
1076 3380 1111 3434 ab
1125 3378 1202 3434 omni
1217 3396 1281 3452 peo-

182 3467 248 3518 oato
261 3458 448 3532 omnibusque
462 3458 549 3515 animi
567 3467 596 3515 et
614 3457 872 3534 perturbationibus
886 3466 915 3514 et
929 3457 1036 3514 morbis
1051 3476 1109 3524 eoa,
1124 3457 1172 3533 qui
1193 3455 1229 3513 nd
1250 3475 1281 3514 oe

180 3539 361 3604 accesserint,
382 3538 492 3606 liberet,
515 3548 544 3596 et
568 3537 605 3596 od
627 3537 788 3614 religiosam
809 3538 939 3612 piumque
964 3537 1121 3594 doctrinam
1145 3555 1229 3593 omno
1251 3545 1281 3594 et

181 3618 348 3676 Graecorum
367 3627 396 3676 et
409 3617 594 3676 barbarorum
614 3637 705 3694 genua
727 3617 836 3686 invitet,
851 3617 1124 3692 innumerabilesque
1145 3617 1181 3673 ad
1198 3616 1281 3673 uniua

179 3699 295 3774 verique
308 3698 363 3756 Dei
377 3698 569 3774 cognitionem
590 3707 620 3756 et
639 3717 738 3755 sanum
754 3717 787 3754 ac
802 3697 978 3755 moderatum
992 3697 1104 3755 vivendi
1119 3696 1280 3754 institutum

179 3777 311 3845 adducat,
339 3777 577 3853 quemadmodum
604 3778 734 3836 videlicet
766 3798 831 3836 eum
862 3778 969 3844 deceat,
998 3777 1046 3853 qui
1077 3777 1201 3852 supremi
1226 3777 1280 3834 Dei

178 3859 287 3916 cultum
308 3859 483 3934 profiteatur.
526 3857 690 3926 Quinetiam
710 3857 757 3916 hic
777 3859 853 3916 idern
869 3858 949 3916 Deus
968 3867 1074 3924 noster,
1089 3867 1232 3932 tamquam
1254 3858 1279 3913 is

179 3938 227 4013 qui
242 3938 279 3996 eit
292 3939 346 3996 Dei
361 3938 497 4005 Verbum,
510 3938 659 4011 judicium,
675 3939 776 4013 inquit.
790 3939 877 3996 reddit
898 3947 925 3995 et
945 3941 1046 4003 reddet,
1064 3942 1123 4012 ipae
1142 3940 1230 3994 veniet
1250 3945 1278 3993 ιι

177 4019 370 4076 moabitam.
413 4018 490 4076 Nam
511 4026 606 4075 otest
627 4017 657 4073 io
675 4018 797 4081 Psalmo,
819 4017 865 4091 qui
886 4017 934 4083 ait,
950 4019 1027 4074 Deua
1039 4019 1178 4088 ’,νίιθίοίυυι
1199 4025 1276 4073 tuum
1319 4032 1393 4082 ιαμ,
1406 4044 1424 4072 ι.

179 4101 237 4172 τιρὶ
257 4101 304 4164 do,
321 4107 406 4174 utque
427 4107 471 4156 eat
490 4097 520 4154 in
542 4096 671 4154 doctrina
689 4097 862 4172 evangelica,
882 4097 986 4172 inqua
1006 4097 1074 4154 illud
1097 4097 1202 4153 dictum
1222 4105 1275 4159 eat,

178 4177 269 4236 Pater
282 4197 336 4235 aon
349 4177 461 4250 judicat
480 4179 639 4253 quempiam,
654 4179 701 4233 rod
715 4196 789 4233 omae
802 4176 938 4248 judicium
954 4180 1027 4235 dedit
1041 4179 1114 4252 filio,
1130 4185 1276 4250 acceptaa
1316 4188 1351 4229 ια
1361 4195 1419 4238 μη

127 4296 153 4346 x
177 4265 258 4332 putre
275 4257 421 4332 judicandi
435 4267 584 4333 potestate,
600 4257 668 4314 dum
686 4257 763 4331 juste
781 4256 899 4331 judicat,
915 4258 1018 4332 populo
1039 4258 1151 4332 quidem
1171 4256 1206 4312 ad
1221 4255 1274 4312 cir-

219 4370 286 4410 ron.
301 4371 336 4412 u.
707 4368 723 4424 3
743 4371 758 4408 n
