3120 4716
69 246 204 316 -455·
430 235 659 304 nuuousu.
683 239 853 306 uvsuc.
876 243 944 306 rx.
962 261 1010 324 17.
1254 245 1315 314 901

193 395 409 498 ιέπαγαγεῐν
427 398 553 484 αὐτοὺς
570 407 615 506 τῇ
633 401 844 511 προφητείᾳ.
905 408 977 484 Καὶ
1001 411 1049 488 εὶς
1068 410 1171 507 δεῦρο
1189 404 1227 486 δὲ
1250 404 1317 504 τὴν

214 521 334 601 ἔνθεον
352 533 416 602 τοῦ
434 530 598 627 Χριστοῦ
616 526 774 627 δύναμιν,
793 531 835 608 δι’
851 529 893 629 ἧς
910 537 983 609 πᾶν
1000 529 1102 632 γε’νος
1119 529 1340 632 ἀνθρώπωνε

215 647 431 748 ἀποστήσας
459 655 523 751 τῆς
554 654 704 756 πατρίου
736 657 1010 752 δεισιδαιμονίας
1040 653 1244 758 ὑπηγάγετο
1271 662 1316 760 τῇ

214 775 290 852 κατ’
328 773 436 855 αὐτὸν
477 781 674 884 θεοσεβείᾳ,
710 782 868 884 ἐναργῶς
908 783 1020 865 οὕτως
1054 783 1316 886 ἐμφαινομένην

215 901 365 1001 ὁρῶντες
392 903 555 1000 οὐδαμῶς
585 905 788 1012 ἐφιστῶσιν
816 912 860 1012 τῇ
894 907 1030 1013 διανοίᾳ
1057 909 1127 986 οὐδ’
1157 907 1311 999 ἐπιβάλ-

215 1037 344 1106 λουσιν
371 1028 467 1113 ὅπως
492 1029 535 1108 τὸ
562 1031 651 1131 μήτε
682 1039 816 1113 Μωσεῖ
837 1033 925 1133 μήτε
953 1043 1027 1118 τοῖς
1053 1032 1144 1132 μετὰ
1173 1034 1356 1113 Muniam

213 1152 415 1260 προφήταις
442 1157 499 1235 ἐπὶ
526 1157 645 1253 μόνων
673 1160 789 1238 αὐτῶν
817 1159 1051 1261 κατορθωθέν,
1069 1169 1175 1239 τοῦτο
1202 1159 1246 1258 δὴ
1271 1159 1313 1240 τὸ

212 1280 263 1380 μὴ
288 1287 558 1384 εἱδιολολοιτρεΐν
575 1285 625 1383 μὴ
644 1285 682 1364 δέ
706 1291 751 1390 τῇ
774 1287 940 1393 πολνθέῳ
965 1288 1155 1391 προσέχειν
1179 1284 1339 1391 ultimo

212 1408 307 1484 τοῦτ’
336 1409 393 1487 ἐπὶ
424 1407 570 1488 πάντων
601 1411 697 1490 ιτῶν
728 1413 840 1491 ἐθνῶν
867 1413 890 1510 ἡ
920 1420 983 1490 τοῦ
1013 1417 1181 1513 Σωτῆρος
1213 1414 1314 1510 ἡμῶν

189 1531 329 1616 ςένθεος
346 1533 452 1635 ἀρετὴ
471 1535 735 1636 συνεστήσατο.
796 1534 891 1618 Εἶτα
910 1537 948 1616 δέ
967 1541 1045 1616 “xci
1070 1545 1146 1620 ταῖς
1163 1543 1310 1643 προφη-

212 1667 325 1743 τικαῖς
349 1661 622 1764 ἐντυγχάνοντες
649 1666 730 1764 περὶ
756 1663 866 1742 αὐτοῦ
893 1663 1110 1766 μαρτυρίαις,
1131 1665 1221 1768 ἀκοῇ
1247 1663 1334 1760 μένς

212 1784 414 1884 ἀκούουσιν,
434 1789 518 1864 ἀλλ’
538 1789 580 1866 ού
607 1790 786 1886 συνίασιν,
810 1790 904 1895 ἔργῳ
930 1787 1177 1890 πληρονμῶης
1203 1789 1312 1868 εἰσέτι

213 1914 272 1989 καὶ
290 1921 353 1991 νῦν
371 1914 445 1992 κατ’
459 1915 575 1992 αὐτῶν
593 1917 656 2011 τῆς
672 1916 712 1993 ἐν
729 1920 834 2019 χερσὶ
852 1916 1083 2020 προφητείας.

586 2095 654 2169 ιιόδ
679 2105 740 2170 roi
765 2096 937 2170 zsxsuior.

124 2245 173 2326 17
261 2219 372 2320 Χαῖρε
396 2221 543 2321 σφόδρα,
568 2224 713 2320 θύγατερ
740 2221 838 2309 Σιῶν,
863 2227 1004 2318 κήρυσσε
1029 2224 1175 2319 θύγατερ
1189 2224 1341 2319 ‘lepide-d
1354 2235 1454 2334 'ticini

210 2337 335 2421 σολίιμ,
350 2336 417 2408 idcir
442 2339 460 2407 ὁ
486 2339 643 2423 βασιλεύς
660 2369 721 2408 σου
743 2338 879 2434 ἔρχεταί
901 2369 956 2408 σοι
978 2337 1097 2415 δίκαιος
1113 2340 1164 2409 καί
1189 2337 1333 2437 origum
1351 2320 1462 2466 :3⁸:³52

210 2451 306 2529 αύτδς
323 2451 438 2547 epple,
454 2453 506 2523 rui
529 2453 732 2541 ἐπιβεβηκῶς
748 2455 802 2523 ἐπὶ
825 2451 1004 2552 ὑποζύγιον
1020 2454 1072 2524 καί
1096 2459 1209 2524 πῶλον
1231 2455 1308 2525 νέον·
1352 2476 1466 2532 mnu.

209 2566 261 2635 καὶ
284 2563 509 2661 ἐξολοθρεύσει
536 2565 671 2660 ἅρματα
697 2564 736 2659 ἐξ
747 2566 917 2663 Ἐφραίμ,
934 2567 985 2636 καί
1009 2569 1114 2637 ἵππον
1139 2565 1178 2659 ἐξ
1190 2567 1310 2662 Ἱερου-
1353 2556 1455 2612 “W‘l‘

210 2679 335 2763 σαλέιμ,
357 2678 408 2749 καί
432 2678 746 2775 ἐξολοθρενθῆσεται
768 2678 871 2772 τόξον
893 2679 1082 2762 πολεμικὸν,
1105 2679 1158 2750 καί
1183 2684 1311 2762 πλῆθος
1351 2635 1473 2782 :ms

522 2826 534 2868 l
547 2835 599 2883 τῶν
611 2829 673 2883 edd.
689 2829 721 2884 P.
804 2837 821 2868 ¹²
835 2830 876 2883 seul
889 2829 949 2884 edd.
966 2828 996 2883 P.
1350 2797 1455 2864 πθθφθ·

1352 2872 1459 2928 rederet.

210 2979 390 3037 manifestum
405 2981 490 3037 finem
506 2981 693 3054 imponerent.
737 2980 843 3038 Adhuc
857 2992 952 3038 autem
966 2999 1052 3055 quum
1067 2980 1191 3037 divinam
1203 2981 1310 3038 Christi

211 3057 354 3124 virtutem,
374 3058 530 3138 perjquam
551 3079 635 3117 omne
657 3060 920 3135 genushomiuum
943 3061 1042 3135 patriis
1064 3060 1311 3136 superstitionibus

209 3138 359 3196 liberatum
382 3159 440 3196 suae
461 3140 549 3216 ipsius
570 3141 701 3214 religioni
723 3141 852 3215 subjecit,
874 3151 933 3198 tam
955 3143 1029 3199 clare
1050 3141 1202 3198 micantem
1224 3141 1311 3215 inspi-

209 3219 294 3284 ciant,
308 3238 486 3294 nequequam
507 3221 533 3278 vi
556 3221 658 3278 mentis
677 3222 830 3277 attendunt
849 3239 942 3294 neque
963 3221 1193 3278 animadvertunt
1213 3240 1310 3295 quem·

209 3299 362 3357 admodum
383 3300 459 3374 quod
478 3319 569 3375 neque
583 3321 601 3358 a
614 3301 699 3358 Mose
713 3317 804 3374 neque
819 3319 836 3357 a
850 3301 1051 3374 posterioribus
1066 3301 1150 3358 Mose
1164 3301 1311 3375 prophetis

208 3379 238 3436 in
263 3380 330 3438 solis
352 3381 420 3455 ipsis
441 3381 562 3439 obtineri
585 3381 687 3455 potuit,
709 3379 764 3436 hoc
789 3389 833 3436 est
854 3399 889 3436 ue
914 3380 1090 3437 simulachris
1112 3381 1311 3437 addicerentur

208 3478 301 3533 neque
326 3461 480 3518 multorum
508 3462 625 3518 deorum
653 3460 845 3534 superstitioni
868 3459 1055 3524 adhaerercnt‚
1077 3460 1169 3533 ipsum
1197 3459 1252 3516 hoc
1280 3460 1310 3516 in

208 3539 318 3597 cunctis
340 3541 473 3616 gentibus
496 3541 590 3598 divina
612 3539 768 3598 Salvatoris
792 3541 883 3597 nostri
906 3540 1006 3605 virtus,
1028 3547 1061 3596 ut
1082 3539 1309 3606 constitueretur,

209 3619 345 3678 effecerit.
387 3621 498 3678 Deinde
520 3620 686 3695 prophetica
707 3621 742 3676 de
762 3618 811 3676 illo
835 3620 998 3677 testimonia
1021 3617 1132 3676 assidue
1153 3628 1309 3685 versantes,

210 3700 308 3756 auditu
323 3700 436 3774 quidem
451 3700 577 3764 audiunt,
593 3701 643 3757 sed
664 3719 722 3756 uon
736 3699 907 3775 intelligunt,
922 3709 1021 3774 utpote
1035 3717 1121 3773 quum
1136 3697 1219 3755 etiam
1236 3717 1311 3755 nuuc

210 3780 368 3854 prophetia,
391 3799 454 3854 quae
478 3799 555 3837 nunc
578 3780 608 3836 in
632 3779 761 3837 manibus
789 3788 842 3846 est,
867 3789 968 3838 contm
994 3780 1071 3854 ipsos
1095 3797 1126 3836 re
1149 3778 1211 3854 ipsa
1234 3797 1310 3835 com-

210 3859 331 3934 pleatur.

667 3959 866 3997 assensum.

128 4039 174 4120 17
256 4036 353 4092 Gaude
372 4037 611 4110 οιίιεοιεοίιτμίὶο
627 4036 713 4091 stoa.-
732 4037 853 4109 praedica
863 4035 931 4110 filia
945 4037 1126 4092 Hierusalem.
1172 4035 1242 4091 Ecce
1262 4053 1311 4090 ree
1343 4063 1460 4113 mm

210 4122 274 4170 tuus
291 4121 364 4172 venit
385 4117 434 4172 tibi
448 4119 542 4185 suetus
563 4123 590 4172 et
611 4117 702 4172 salvos
717 4115 851 4188 faciens:
873 4117 929 4188 ipse
949 4123 1104 4172 mansuetus
1125 4122 1152 4171 et
1171 4115 1310 4188 impositus
1340 4119 1444 4207 affim-

209 4212 290 4266 super
296 4194 450 4266 jumentum
464 4203 491 4251 et
502 4197 611 4269 pullum
625 4197 827 4252 adolescentes.
859 4195 897 4250 Et
909 4197 1005 4269 perdet
1015 4215 1113 4254 ςιιττιις
1127 4214 1160 4251 ee·
1175 4193 1309 4269 Ephrem,
1342 4179 1456 4266 Ξμῗῗω.

208 4282 236 4330 et
248 4272 346 4347 equum
359 4294 392 4334 er
407 4275 597 4334 Hiersuclem:
619 4282 646 4331 et
663 4275 765 4349 peribit
778 4293 860 4332 arcus
874 4275 991 4340 bellicus,
1006 4283 1033 4333 et
1046 4275 1215 4332 abundantia
1232 4275 1310 4347 pacis
1342 4267 1443 4355 RQ*

1100 4365 1473 4416 permansisse-au.
