3142 4720
66 253 195 322 -286.
461 255 689 324 DEMONST.
713 257 881 326 EVANG.
907 259 962 324 VI.
983 261 1030 323 18.
1241 262 1305 328 57⁶

206 459 273 528 χου
286 423 449 529 χρόνους·
471 424 555 522 οἷον,
566 425 608 505 τὸ
626 429 880 531 αἰχμαλωσίαν
897 428 1108 508 πεπονθέναι
1122 427 1185 506 τόν
1204 427 1306 524 λαόν,

208 556 265 630 καὶ
292 550 335 631 τὸ
364 555 494 650 στῆναι
521 549 603 635 τοὺς
621 554 735 636 πόδας
755 554 888 654 Κυρίου
914 555 971 633 ἐπὶ
994 553 1035 632 τό
1059 560 1132 632 τῶν
1154 551 1306 632 linatur

208 675 300 779 ὅρον,
318 680 378 756 καὶ
401 684 430 756 εί
455 677 580 780 γέγονε
606 678 737 780 Κύριον
760 684 808 762 είς
826 681 984 774 βασιλέα
1007 683 1064 762 ἐπὶ
1089 687 1215 760 πᾶσαν
1240 679 1306 779 τὴν

208 807 277 904 γῆν
299 805 337 882 ἐν
358 809 403 906 τῇ
428 802 542 908 ἡμέρᾳ
569 805 692 908 ἐκείνη,
711 807 769 884 καί
797 810 827 884 εἰ
854 804 897 884 τό
925 804 1038 905 ὄνομα
1069 807 1202 907 Κυρίου
1228 805 1306 886 ἐκό-
1317 843 1347 878 ιο

208 943 330 1010 κλωσε
352 929 419 1030 τὴν
442 934 513 1032 γῆν
536 936 661 1010 πᾶσαν
684 933 742 1010 καὶ
766 929 832 1031 τὴν
856 931 996 1034 ἔρημον,
1016 933 1074 1012 lire
1093 937 1156 1030 τῆς
1175 933 1305 1034 Συρίας

206 1055 392 1158 Ἀντίοχος
420 1051 568 1158 ἐκράτει·
608 1058 666 1135 καὶ
694 1055 740 1135 τὰ
766 1057 878 1138 λοιπὰ
906 1058 944 1139 δὲ
970 1064 1034 1159 τῆς
1060 1056 1304 1161 προρρήσεως,

208 1181 331 1262 ὁποίου
354 1180 479 1266 τέλους
501 1183 624 1285 ἔτυχεν
642 1180 831 1286 Ἀντιόχου
851 1184 1120 1280 βασιλεύοντος,
1139 1190 1233 1267 οπῶς
1250 1216 1329 1266 rere

168 1307 413 1403 11ἀποδώσεις
459 1309 542 1388 καθ’
572 1309 664 1408 ἡμᾶς
696 1308 734 1388 δέ
763 1318 876 1390 ταῦτα
905 1312 963 1389 καὶ
992 1309 1083 1412 πρός
1110 1310 1211 1415 λέξιν
1239 1310 1304 1408 μέν

208 1433 426 1532 ἀποδέδοται,
445 1438 504 1516 καὶ
529 1437 613 1515 καθ’
634 1435 756 1538 ἐτέραν
779 1435 816 1516 δέ
842 1434 1011 1514 διάνοιαν*
1041 1433 1131 1533 μετὰ
1150 1433 1221 1537 γὰρ
1239 1433 1304 1534 τὴν

207 1569 270 1642 τοῦ
288 1565 454 1663 Σωτῆρος
473 1562 574 1660 ἡμῶν
590 1563 713 1661 Ἰησοῦ
738 1565 902 1662 Χριστοῦ
925 1560 1128 1661 παρουσίαν
1149 1558 1325 1658 ἡ-πόλιςε

206 1688 333 1785 αὐτῶν,
351 1688 441 1787 αὕτη
462 1683 523 1790 ἆγε
551 1722 573 1786 η
595 1684 844 1789 Ἰερουσαλὴμ,
872 1690 930 1766 καὶ
959 1684 1000 1766 τό
1027 1691 1102 1766 πᾶν
1129 1685 1304 1785 σύστημα

206 1815 264 1892 καὶ
287 1813 487 1911 πολίτευμα
510 1817 573 1910 τῆς
591 1811 682 1892 κατὰ
705 1811 768 1893 τόν
789 1811 899 1911 νόμον
922 1811 1088 1896 Μωσέως
1113 1810 1304 1913 θρησκείαν

207 1942 404 2040 καθῃρεῖτο·
435 1937 560 2017 αὐτίκα
584 1936 641 2018 οδέ
665 1935 731 2036 τὴν
755 1937 847 2018 κατὰ
870 1936 1026 2018 διάνοιαν
1048 1937 1302 2042 αἰχμαλωσίαν

205 2061 296 2165 πρός
313 2068 358 2167 τῇ
376 2068 565 2166 σωματυτῇ
587 2061 801 2158 πεπόνθασι,
819 2061 883 2143 τόν
902 2068 1054 2167 Σωτῆρα
1079 2067 1137 2144 καὶ
1162 2073 1301 2165 λυτρω-
1313 2101 1342 2136 ιο

204 2187 271 2288 τὴν
302 2196 374 2270 τῶν
408 2190 640 2291 ἀνθρωπίνων
671 2193 803 2294 ψυχῶν
832 2187 883 2288 μὴ
914 2188 1206 2294 παραδεξόμενοι,
1236 2189 1302 2268 τόν

203 2315 357 2398 ἐλθόντα
383 2315 516 2422 κηρόξαι
541 2319 609 2400 τοῖς
632 2313 702 2394 ὑπὸ
724 2313 900 2414 δαιμόνων
922 2320 1089 2418 πονηρῶν
1112 2313 1331 2418 almum-d

205 2478 272 2528 τοις
297 2441 432 2548 ἄφεσιν,
461 2444 522 2521 καὶ
552 2445 617 2526 τοῖς
644 2438 709 2526 rite
738 2435 885 2526 θιανοίας
912 2445 1057 2546 τυφλοῖς
1084 2435 1299 2547 ιἰιιίβλοίιιι.

165 2595 194 2643 ¹³
205 2571 332 2647 Ταῦτα
354 2565 392 2646 δέ
415 2563 646 2646 πεπονθότων
667 2566 808 2646 ἐκείνων
826 2563 884 2645 διὰ
902 2564 968 2658 τὴν
985 2567 1157 2648 ἀπιστίαν
1175 2565 1302 2661 αὐτῶν,

314 2756 474 2816 br'lue'irl'.
556 2759 653 2816 οὅπως
667 2761 698 2814 Ρ.
780 2755 853 2833 ιιγε]
870 2781 898 2814 τε
913 2759 944 2814 P.
1027 2757 1096 2831 θθέ]
1113 2781 1141 2813 τε
1156 2757 1188 2815 P.

204 2937 291 2995 tioohi
306 2945 434 3012 ternpore
447 2937 561 3002 referre,
576 2937 734 3013 cujusmodi
747 2937 817 2994 illud
830 2946 883 3000 est.
898 2936 974 3011 quod
993 2936 1113 3010 populus
1134 2935 1300 2995 servitutem

204 3017 242 3074 sit
255 3035 364 3093 pessus,
380 3018 457 3092 quod
469 3017 556 3093 pedes
570 3017 687 3074 Domini
703 3017 731 3074 in
746 3025 844 3074 monte
858 3017 994 3074 olivarum
1009 3016 1147 3080 steterint,
1163 3025 1192 3074 et
1206 3025 1301 3076 utrum

205 3098 347 3155 Dominus
369 3096 398 3155 in
418 3099 463 3156 die
487 3098 535 3156 ills
556 3098 585 3154 in
607 3116 705 3173 regem
729 3097 865 3154 fueritin
887 3115 1002 3154 ornnem
1020 3104 1134 3162 terrem,
1157 3106 1186 3154 et
1205 3105 1300 3156 utrum

204 3196 309 3235 nornen
322 3179 438 3236 Domini
458 3179 588 3236 embien't
601 3197 716 3236 omnem
729 3187 834 3236 tenum
853 3185 883 3234 et
896 3176 1087 3242 solitudinem,
1101 3196 1158 3251 quo
1172 3186 1300 3254 tempore

206 3257 317 3333 Syrium
331 3259 489 3316 Antiochus
509 3259 649 3317 obtinuit=
671 3267 777 3333 etque
791 3257 898 3333 relique
916 3265 983 3315 sunt
999 3257 1034 3314 (le
1055 3257 1156 3315 eodem
1175 3259 1299 3324 oraculo,

206 3357 289 3412 quem
314 3339 400 3396 finem
425 3339 525 3398 sortite
548 3339 615 3403 sint,
640 3337 733 3413 eliquo
758 3339 844 3396 modo
869 3347 988 3396 conetur
1010 3338 1170 3395 ostendere.
1212 3340 1252 3396 At
1276 3339 1301 3396 si

206 3417 268 3491 quis
281 3428 408 3476 nostrum
422 3420 561 3478 rationem
575 3427 717 3493 sequetur,
729 3419 774 3476 rel
787 3419 823 3476 ed
837 3418 953 3475 verbum
967 3418 1028 3474 haeo
1042 3417 1169 3474 evenisse
1183 3418 1301 3476 demon-

206 3498 315 3565 strabit,
336 3507 419 3574 etque
438 3501 467 3558 in
491 3500 576 3557 ulium
595 3499 664 3556 item
685 3517 798 3557 sensum
820 3498 920 3554 eedem
941 3497 1067 3569 recipere
1089 3497 1211 3572 poterit:
1233 3515 1300 3554 uem

206 3587 272 3653 poet
287 3578 443 3638 Salvatoris
456 3580 546 3638 nostri
560 3579 632 3637 Jesu
647 3579 755 3637 Christi
774 3579 926 3636 adventum
945 3577 1044 3633 ciritae
1059 3575 1171 3631 illorum
1185 3576 1300 3650 ipseque

207 3659 385 3718 Hierusalem
410 3671 494 3738 etque
522 3660 615 3718 ornuis
641 3668 798 3720 conventus
826 3657 1020 3731 institutisque
1048 3654 1146 3720 civilis,
1174 3675 1237 3730 quse
1263 3656 1300 3714 ed

206 3741 291 3800 ritum
305 3739 528 3815 religionemque
542 3741 678 3800 Messinm
691 3741 764 3815 legis
777 3739 910 3814 pertinet,
925 3755 1023 3795 eversu
1036 3736 1201 3811 sublstoque
1215 3747 1298 3794 eunte

207 3820 410 3895 uestigioque
421 3841 494 3886 seur.
505 3840 566 3897 que
578 3822 614 3879 ed
624 3821 841 3896 intelligentiam
852 3826 970 3894 spectet,
981 3817 1156 3883 servitutem,
1167 3816 1301 3891 adjuncto

207 3903 291 3960 etiem
305 3919 341 3958 ee
353 3920 415 3975 qnae
429 3921 579 3977 corporum
594 3911 647 3966 est,
662 3901 787 3977 perpessi
808 3907 884 3964 sunt,
899 3899 1001 3974 quippe
1015 3897 1062 3972 qui
1076 3895 1252 3956 Selretorem
1266 3917 1300 3956 ee

207 3983 387 4041 liberatorem
401 3982 587 4040 humansrum
602 3983 758 4040 enimerurn
772 4000 830 4038 non
841 3979 1025 4054 susceperint.
1037 3996 1101 4035 eum
1115 3979 1161 4053 qui
1173 3987 1298 4048 venerut,

208 4072 238 4120 nt
262 4063 297 4120 iis
317 4062 365 4138 qni
385 4062 523 4121 melorum
545 4064 705 4121 demonum
728 4061 801 4118 servi
824 4060 891 4118 fecti
909 4066 1005 4115 esseut
1026 4059 1210 4116 liberationem
1230 4077 1298 4116 uun·
1342 4079 1419 4126 nnn,
1431 4091 1448 4118 ι.

208 4147 300 4208 tieret,
319 4145 352 4198 iis
373 4161 443 4208 reru,
463 4145 510 4216 qui
530 4147 627 4202 mentis
648 4144 733 4200 oeulis
752 4143 835 4216 eapti.
857 4141 927 4196 viter
944 4142 1184 4212 recuperationem.
1228 4137 1300 4196 llueo
1329 4129 1390 4168 '¹¹⁰²
1401 4141 1419 4178 ⁴¹
1432 4129 1460 4166 ¹⁸·

208 4223 302 4300 itaque
315 4242 401 4299 quum
416 4223 457 4281 illi
470 4223 507 4281 ob
521 4223 744 4281 incredulitatem
759 4239 838 4278 suern
859 4217 1050 4294 pertulissent,
1065 4218 1111 4275 elii
1125 4235 1224 4274 ornnes
1238 4219 1299 4292 qui-

208 4323 316 4380 cunqne
331 4321 412 4362 suum
424 4303 602 4364 liberutorem
614 4309 801 4378 agnoverunt,
811 4298 1011 4372 domesticique
1022 4298 1096 4354 illius
1106 4315 1139 4354 nc
1150 4295 1300 4352 familiares
