3142 4720
247 271 313 336 574
696 264 881 330 EUSEBll
1321 259 1429 342 p.285
1444 295 1497 307 -

224 443 310 524 osci
330 430 383 525 τῆν
402 431 520 537 ίρημιν.
570 429 693 510 Ἀλλὰ
715 429 786 531 γὰρ
811 433 868 510 καὶ
892 427 935 509 τὸ
953 429 1134 508 Ἰουδαίων
1156 427 1256 512 ἔθνος
1273 460 1345 505 τοι-

248 566 338 638 αῦτα
364 558 555 639 πείσεσθαι
579 559 617 635 ἐν
641 563 718 640 ταῖς
735 563 800 635 τοῦ
827 556 962 656 Κυρίου
987 555 1130 656 ἡμεραις
1149 557 1212 652 τῆς
1234 585 1345 655 προρ-

247 683 387 786 ρήσεως
413 681 697 789 ἀποφηναμένης,
717 683 770 766 τίς
788 683 852 761 οὐκ
876 679 921 760 ἂν
939 679 1134 777 θαυμάσειε
1151 682 1216 777 τῆς
1233 711 1344 781 προρ-
1356 719 1386 754 ιο

247 808 387 912 ρήσεως
405 810 447 888 τὸ
465 807 696 905 ἀποτέλεσμα
713 841 722 904 ;
748 807 853 902 Ἀμα
870 805 942 908 γὰρ
953 807 1095 905 Ἰησοῦς
1110 806 1128 882 ὁ
1146 802 1273 906 Σωτὴρ
1286 808 1345 884 καὶ

250 934 381 1037 Κύριος
408 935 508 1033 ἡμῶν
533 937 662 1035 παρῆν,
680 934 839 1032 ἠσέβουν
860 967 897 1011 τε
922 937 971 1015 είς
988 929 1096 1010 αὐτὸν
1120 936 1153 1010 οἱ
1178 931 1216 1009 εἰς
1240 964 1340 1032 περι·

246 1067 368 1160 τομῆς,
398 1064 480 1139 ’καὶ
509 1058 628 1140 πάντα
661 1062 777 1142 αὐτοῖς
809 1057 946 1159 ἀθρόως
978 1056 1025 1135 τὰ
1055 1057 1346 1158 προηγορευμείια

246 1185 336 1285 μετὰ
353 1183 660 1265 πεντακοσιοστδν
678 1185 756 1267 ἔτος
767 1189 832 1282 τῆς
850 1181 1084 1286 προρρήσεως
1099 1178 1223 1264 τέλους
1241 1182 1386 1282 ε’τιίγ-ρ.
1399 1199 1470 1265 286

247 1345 365 1414 χανεν,
384 1311 428 1416 ἐξ
450 1312 559 1389 ἀι’ποῦ
589 1307 753 1389 Πιλάτου
779 1311 839 1388 καὶ
860 1309 965 1412 με’χρι
988 1311 1051 1405 τῆς
1075 1306 1166 1386 κατὰ
1194 1307 1346 1410 Νέρωνα

248 1440 306 1516 καὶ
329 1437 439 1516 Τίτον
466 1438 525 1515 καὶ
554 1433 836 1515 Οὐεσπασιανὸν
862 1435 1070 1535 πολιορκίας
1098 1434 1139 1511 οὐ
1167 1437 1346 1512 διαλελοι-

246 1559 368 1641 πότων
392 1560 518 1644 αὐτοὺς
535 1561 714 1641 παντοίων
736 1563 794 1639 καὶ
819 1558 1039 1658 ἐπαλλήλων
1066 1565 1276 1666 συμφορῶν,
1295 1562 1344 1642 ὡς

246 1684 422 1789 πάρεστιν
439 1689 478 1766 εἰς
497 1691 560 1785 τῆς
577 1683 951 1784 ’ΦλαυίουἸωσίμτου
964 1685 1166 1788 γραφείσης
1185 1686 1368 1787 idropicus

211 1812 506 1918 ιοάναλέξασθαι.
547 1811 640 1892 Τι’ντε
658 1810 724 1911 μὲν
743 1813 805 1891 οὖν
823 1810 914 1895 εἰκὸς
931 1810 974 1890 τὸ
993 1812 1106 1911 ἥμισυ
1123 1815 1186 1910 τῆς
1204 1810 1345 1895 πόλεως

246 1936 475 2018 ἀπολωλέναι
491 1945 536 2042 τῆ
554 1939 754 2044 πολιορκίᾳ,
773 1938 821 2022 ὥς
840 1944 956 2042 φησιν
974 1939 996 2036 ἡ
1014 1937 1229 2042 προφητεία·
1266 1938 1341 2034 μετ’

246 2064 290 2142 οὐ
307 2059 426 2143 πολὺν
445 2063 482 2143 δὲ
500 2061 640 2167 χρόνον,
660 2063 750 2142 κατὰ
767 2060 958 2166 Ἀδριανδν
975 2061 1217 2164 αὐτοκράτορα
1242 2062 1339 2162 κινῆ-

247 2225 340 2274 σεως
359 2191 457 2274 αὖθις
470 2191 665 2287 Ἰουδαὶιιῆς
682 2189 881 2291 γενομένης,
892 2188 934 2268 τὸ
952 2189 1102 2269 ’λοιπὸν
1121 2193 1184 2288 τῆς
1201 2185 1342 2272 πόλεως
1354 2229 1385 2264 ιο

247 2317 354 2417 με’ρος
371 2315 483 2414 ἥμισυ
500 2314 736 2417 πολιορκηθὲν
754 2315 854 2398 αὖθις
872 2314 1108 2419 ἐξελαύνεται,
1127 2319 1175 2398 ὡς
1193 2314 1238 2421 ἐξ
1252 2313 1374 2393 ixei-b

250 2476 312 2522 νον
337 2445 395 2521 καὶ
420 2449 468 2526 είς
494 2448 595 2546 δεῦρο
619 2440 772 2541 πάμπαν
798 2443 935 2536 ἄβατον
961 2442 1079 2524 αὐτοῖς
1097 2441 1263 2542 γενέσθαι
1282 2440 1344 2520 τὸν

212 2609 238 2644 ιι
250 2567 371 2648 τόπον.
432 2573 477 2647 Εἰ
500 2567 538 2648 δὲ
557 2567 675 2670 ’λέγοι
693 2602 746 2651 τις
765 2565 855 2646 κατὰ
873 2569 1062 2670 Ἀντίοχον
1079 2567 1143 2646 τὸν
1160 2568 1344 2670 Ἐπιφανῆ

251 2701 362 2772 ταῦτα
388 2700 660 2796 πεπληρῶσθαι,
678 2691 894 2798 σκεψάσθω,
913 2697 943 2772 εἰ
968 2689 1040 2774 οἶός
1065 2725 1104 2770 τε
1132 2693 1231 2770 ἐστὶν
1255 2694 1344 2770 ἀπο-

249 2816 383 2897 διδόναι
405 2820 463 2896 καὶ
484 2815 528 2897 τὰ
552 2816 664 2898 λοιπὰ
682 2822 745 2916 τῆς
762 2817 981 2922 προφητείας
999 2814 1091 2894 κατὰ
1106 2811 1187 2896 τοὺς
1203 2811 1368 2896 ’Aurei-⁵

332 2977 468 3030 uatum.
485 2978 513 3032 P.
596 2977 740 3048 Υφλοβίον
757 2977 784 3031 S.
871 2983 886 3015 ¹
899 2977 992 3029 λεῖπον
1006 2975 1037 3028 P.
1121 2976 1220 3046 ιιλέγει
1235 2973 1263 3028 S.

250 3103 280 3158 in
294 3102 392 3159 diebus
407 3103 531 3168 Domini,
547 3101 607 3175 quis
628 3121 684 3158 non
706 3103 813 3159 exitum
828 3102 953 3160 vaticinii
973 3102 1148 3160 admiretur?
1170 3103 1247 3159 Nam
1261 3103 1347 3160 simul

249 3201 284 3239 ac
296 3182 381 3239 lesus
403 3181 536 3238 Salvator
555 3199 588 3236 ac
605 3181 744 3239 Dominus
767 3189 865 3239 noster
884 3183 1007 3248 advenit,
1029 3182 1131 3257 quique
1152 3182 1188 3239 ad
1209 3182 1346 3239 urcunci.

251 3263 360 3318 sionem
374 3261 516 3337 pertinent
529 3259 635 3317 nefaria
648 3261 783 3319 adversus
796 3262 874 3319 illum
889 3262 1015 3320 facium
1027 3271 1236 3339 perpetrarunt,
1251 3263 1347 3320 omnia

250 3341 306 3398 illis
328 3361 391 3417 qum
416 3341 549 3415 praedicte
568 3339 681 3398 fuerant
702 3361 729 3398 n.
751 3343 787 3400 ab
807 3342 868 3417 ipse
890 3343 1074 3417 prmdictione
1094 3361 1170 3399 anno
1193 3343 1346 3400 acervatim

250 3432 408 3480 evenerunt
434 3421 576 3497 finemque
603 3423 703 3480 sortita
730 3432 813 3480 sunt:
846 3441 932 3497 quum
953 3423 1085 3480 videlicet
1107 3423 1143 3480 ab
1169 3423 1232 3497 ipso
1255 3423 1346 3480 Pilato

249 3523 340 3579 usque
359 3505 396 3561 ad
409 3503 555 3560 Neronem
576 3511 606 3560 et
618 3502 713 3560 Titum
728 3521 761 3560 ae
775 3503 991 3578 Vespasianum,
1003 3504 1051 3578 qui
1069 3503 1212 3560 civitatem
1226 3503 1344 3560 obsede-

249 3595 325 3650 runt,
351 3603 489 3659 nusquam
509 3583 573 3641 illos
594 3583 686 3640 omnis
709 3582 822 3658 generis
845 3593 875 3640 et
898 3583 960 3640 alie
982 3602 1067 3659 super
1089 3583 1158 3640 alias
1180 3583 1345 3658 ingruentes

250 3666 424 3722 calamitates
438 3664 600 3728 defecerint,
615 3663 853 3738 quemadmodum
867 3664 949 3721 facile
963 3671 1007 3722 est
1020 3683 1057 3721 ex
1069 3682 1104 3721 ea
1117 3663 1244 3728 historin,
1259 3681 1344 3737 quam

250 3745 362 3802 Παπίας
380 3744 522 3818 Josephua
542 3744 663 3818 scripsit,
685 3743 828 3818 colligere.
869 3744 949 3801 Tunc
970 3763 1038 3801 sane
1056 3743 1190 3801 credibile
1204 3751 1248 3800 est
1262 3743 1343 3800 dimi·

250 3823 328 3880 dium
352 3824 473 3880 civitatis
494 3825 610 3900 periisse
631 3823 788 3886 obsidione,
812 3831 843 3879 ut
867 3823 907 3880 ait
926 3824 1094 3900 prophetin:
1115 3823 1193 3880 hund
1215 3841 1284 3881 vero
1304 3824 1345 3880 ita

250 3901 340 3959 multo
365 3913 536 3977 postquam
557 3902 703 3960 Adrianus
724 3903 885 3975 imperaret,
907 3903 1027 3962 ludaico
1052 3921 1148 3961 rursus
1173 3912 1274 3961 exorto
1298 3911 1343 3960 tu·

250 3981 349 4046 multu,
365 4001 427 4056 qum
440 3983 547 4057 reliqua
559 3983 651 4040 tuerat
663 4001 730 4058 pars
744 3983 860 4040 dimidia
873 3983 995 4042 civitatis
1009 4003 1106 4042 rursus
1120 3984 1236 4040 obsessa
1249 3984 1345 4058 expel-

249 4060 326 4126 litur,
345 4063 417 4118 adeo
441 4063 553 4136 quidem
575 4072 607 4120 ut
631 4064 667 4120 ab
691 4063 740 4120 illo
760 4071 888 4139 tempore
910 4066 1051 4141 usquein
1075 4063 1245 4121 hodiernum
1268 4064 1344 4120 diem

249 4141 362 4213 penitus
376 4141 514 4197 instabilis
528 4143 620 4199 omnis
633 4143 689 4199 illis
702 4143 795 4200 tactus
810 4145 846 4201 sit
859 4146 946 4201 locus.
989 4144 1077 4213 Quod
1090 4145 1115 4201 si
1129 4143 1192 4219 quis
1207 4143 1283 4200 dicat
1293 4143 1346 4200 sub

250 4220 394 4276 Antiocho
402 4220 549 4293 Epiphane
559 4221 621 4276 lraec
631 4222 772 4295 completa
781 4223 877 4291 fuisse,
887 4225 972 4282 etiam
983 4233 1068 4298 atque
1079 4223 1165 4280 etiam
1176 4224 1345 4288 consideret,

250 4305 344 4354 utrum
358 4298 448 4371 possit
461 4297 568 4371 reliqua
582 4299 660 4365 item,
677 4319 739 4373 quae
760 4320 796 4357 ex
817 4301 870 4358 hec
891 4304 1038 4378 prophetin
1059 4311 1219 4378 supersunt,
1235 4304 1270 4360 ad
1285 4302 1346 4360 An-
