3130 4722
61 267 196 334 -347·
449 257 676 323 DEMONST.
701 257 869 323 EVANG.
896 260 1021 324 V11.2.
1246 256 1310 329 693

205 417 382 516 ποθήσας,
407 419 470 496 οῦκ
497 425 545 502 είς
566 417 721 520 ’μακρὸν
749 423 800 524 τῷ
827 419 908 525 θείῳ
939 417 1119 515 Πνεύματι
1144 415 1190 496 τὰ
1217 417 1306 516 μελ-

206 553 319 623 λοντα
347 543 494 624 ἔσεσθαι
523 550 655 646 θεωρεῖ,
674 553 738 624 τοῦ
757 550 851 624 Θεοῦ
877 551 950 628 τοῖς
977 545 1113 626 οἰκείοις
1139 546 1305 644 ἐπαγγει-

165 667 363 768 34λαμένου
389 669 454 748 ’ἔτι
482 670 694 750 λαλούντων
721 671 1000 750 ἐπακούσεσθαι.
1050 671 1310 752 Ἐπακουσθεὶς

206 799 297 894 δῆτα
325 796 553 902 καταξιοῦται
577 807 744 902 χρησμοῦ
767 797 834 898 τὴν
857 795 1021 894 Βηθλεὲμ
1047 798 1350 900 ε’πιφωνοῦντοςΙο

207 925 313 1029 αύτῷ,
333 928 380 1007 ὡς
399 921 444 1002 ἂν
461 923 584 1004 εὐθάδε
603 933 667 1004 τοῦ
689 924 801 1005 τόπου
820 934 883 1004 τοῦ
904 926 1038 1026 Κυρίου
1057 927 1114 1002 καὶ
1136 933 1200 1003 τοῦ
1218 959 1308 1022 σκη-

207 1049 371 1146 νώματος
394 1059 458 1129 τοῦ
477 1055 573 1129 Θεοῦ
590 1048 723 1142 Ἰακὼβ
742 1051 1029 1150 συστησαμένου.
1081 1057 1206 1130 Ταῦτα
1232 1082 1334 1131 τοι-ο

204 1184 340 1278 γαροῦν
376 1185 439 1255 τοῦ
476 1176 571 1255 θείου
609 1174 818 1276 Πνεύματος
850 1180 888 1257 ἐν
925 1180 1020 1284 αῦτῴ
1054 1180 1307 1276 θεσπίσαντος,

206 1302 312 1385 αι’πὸς
330 1305 438 1382 αὑτοῦ
455 1301 659 1385 ἐπακούσας
677 1305 842 1406 ἐπιλέγει,
862 1299 929 1384 ίθοῦ
954 1304 1142 1409 ἠκούσαμεν
1160 1305 1259 1398 ebrio
1278 1309 1307 1386 ἑν

165 1428 372 1534 οςἘφραθιί.
422 1427 592 1535 Ἐφραθὰ
610 1429 648 1508 δὲ
668 1431 691 1529 ἡ
710 1430 799 1530 αὐτή
817 1433 896 1510 ε’στι
914 1437 959 1536 τῇ
978 1430 1154 1528 Βηθλεὲμ,
1173 1435 1221 1516 ὡς
1239 1436 1330 1530 δοῦ-5

207 1555 274 1634 λὸν
310 1557 389 1634 ε’στι
420 1552 493 1634 ἀπὸ
530 1560 593 1652 τῆς
627 1556 813 1652 Γενέσεως,
847 1556 932 1636 ἔνθα
962 1560 1042 1659 περὶ
1075 1561 1138 1656 τῆς
1167 1557 1307 1662 Ῥαχὴλ

206 1681 350 1784 εἴρηται,
369 1681 424 1760 ὅτι
443 1674 580 1791 ἔθαψαν
600 1681 697 1776 αὑτήν
716 1685 746 1762 ἑν
765 1692 812 1791 τῷ
830 1677 1029 1792 ἱπποθρίμῳ
1041 1681 1209 1792 Ἐφριιθία
1225 1684 1306 1778 αῦτη

165 1807 275 1892 οῠὲστὶ
300 1805 456 1912 Βηθλεέμ.
501 1811 573 1886 Καὶ
590 1808 614 1906 ἡ
630 1806 703 1911 πρὸ
721 1807 851 1906 ταύτης
870 1807 908 1888 δὲ
925 1816 1077 1913 περιεῖχε
1095 1812 1306 1914 προφητεία,

206 1941 266 2013 καὶ
292 1931 333 2012 τῦ
359 1933 508 2037 Βηθλεὲμ
534 1932 623 2019 οἶκος
647 1938 703 2014 τοῦ
721 1932 888 2041 Ἐφραθιί.
947 1932 1041 2026 Ἰθοῦ,
1063 1940 1184 2043 φησὶν,
1205 1935 1301 2030 ἡκού-

205 2095 315 2164 caper
334 2059 443 2152 αὐτήν,
463 2063 576 2158 δῆλον
602 2061 631 2137 θ
652 2059 706 2139 ὅτι
724 2056 791 2158 τὴν
808 2069 873 2140 τοῦ
898 2049 1064 2163 Χριστοῦ
1082 2063 1224 2163 γε’νεσιν
1248 2065 1304 2140 καὶ
1316 2098 1346 2132 ιο

204 2183 270 2285 τὴν
285 2195 349 2265 τοῦ
368 2192 463 2266 Θεοῦ
477 2185 610 2280 Ἰακὼβ
629 2185 918 2285 κατασκήνωσιν.
962 2193 1074 2266 Ποῖον
1089 2191 1118 2267 θ
1136 2186 1180 2267 ἂν
1194 2188 1245 2286 εἴη
1264 2187 1336 2268 τῦιί

203 2312 380 2413 σκήνωμα
397 2323 459 2394 τοῦ
474 2320 570 2394 Θεοῦ
582 2311 724 2410 Ἰακὼβ,
739 2312 762 2415 ἢ
776 2313 819 2394 τὸ
833 2322 941 2414 σῶμα
955 2323 1019 2395 τοῦ
1032 2321 1197 2418 Χριστοῦ
1211 2315 1253 2395 τὸ
1269 2319 1306 2396 ἐν

203 2446 255 2546 τῷ
272 2439 372 2547 τόπῳ
389 2445 452 2540 τῆς
472 2440 637 2538 Βηθλεὲμ
663 2443 927 2543 γεγεννημένον,
946 2445 983 2523 ἐν
1009 2441 1049 2550 ᾧ,
1069 2447 1116 2528 ὡς
1143 2446 1181 2523 ἐν
1209 2479 1300 2544 σκη-

203 2567 349 2665 νώματι,
373 2603 394 2666 η
424 2566 548 2665 θεύτης
572 2576 636 2647 τοῦ
660 2577 872 2670 μονογενοῦς
900 2569 1178 2669 κατεσκήνωσε,
1221 2571 1305 2674 Οὐχ

202 2694 329 2776 ἁπλῶς
361 2693 398 2772 δὲ
428 2699 535 2789 Θεοῦ,
565 2693 664 2773 ἀλλὰ
691 2692 781 2792 μετὰ
808 2693 1019 2796 προσθήκης
1046 2699 1110 2792 τῆς
1140 2699 1193 2774 τοῦ
1222 2699 1328 2784 &eois

202 2817 335 2912 Ἰακῦβ
366 2819 509 2920 λε’γεται
539 2820 582 2899 τὸ
610 2819 786 2920 σκήνωμα
813 2817 911 2917 εἶναι,
935 2818 994 2899 διὰ
1021 2817 1062 2898 τὸ
1089 2818 1140 2918 μὴ
1169 2819 1304 2899 ‘othlon

242 2979 379 3054 firmor]
396 2982 494 3054 μακρὸν
509 2982 539 3035 Ρ.
634 2983 699 3037 Ιἴτε
711 2981 756 3055 γε]
772 3004 804 3054 γε
818 3001 873 3036 om.
890 2982 920 3037 P.
1012 2978 1119 3056 tollo]
1134 2981 1218 3037 ὅλλον
1232 2984 1263 3038 P.

201 3103 255 3160 sihi
268 3102 421 3168 indicente,
434 3103 521 3178 ipsios
533 3103 639 3162 Christi
650 3113 755 3162 ortum.
778 3104 874 3173 Quum
889 3111 983 3161 nutem
995 3111 1063 3162 voto
1077 3104 1107 3160 id
1121 3105 1303 3178 postulasset,

200 3191 231 3240 et
254 3183 323 3240 tolia
344 3201 518 3259 cognoscere
540 3185 732 3260 expetivisset,
755 3185 831 3242 haud
855 3185 895 3242 ite
917 3185 1007 3241 multo
1031 3191 1105 3259 post,
1125 3204 1187 3260 quae
1208 3185 1304 3243 futuro

200 3271 283 3320 erent
296 3263 393 3321 divino
407 3264 549 3322 indicente
564 3264 671 3340 Spiritu
686 3265 911 3340 contemplatur:
933 3265 1036 3339 quippe
1051 3284 1136 3339 quum
1153 3266 1211 3322 suis
1224 3267 1303 3323 Deus

200 3344 342 3418 pollicitus
356 3345 393 3401 sit
414 3364 445 3402 se
464 3345 583 3419 amplius
601 3346 750 3420 loquentes
765 3346 972 3403 exauditurum.
1014 3344 1113 3418 Iteque
1129 3345 1168 3400 illi
1183 3345 1212 3400 in
1226 3346 1303 3402 hunc

200 3423 318 3481 modum
331 3425 465 3482 exaudito
486 3426 629 3483 oraculum
649 3425 785 3490 redditur,
801 3444 857 3500 quo
878 3425 940 3498 ipse
954 3423 1104 3481 Bethleem
1123 3424 1301 3490 inclametur,

200 3513 338 3579 tanquam
352 3505 408 3562 illio
422 3505 502 3562 locus
515 3505 639 3562 Domino
654 3515 683 3564 et
697 3505 908 3563 tabernaculum
922 3504 985 3560 Deo
998 3503 1088 3560 Jacob
1103 3504 1302 3561 constituenda

200 3584 268 3642 sint.
311 3585 381 3642 Hoeo
402 3586 491 3660 igitnr
510 3587 558 3642 ubi
576 3586 687 3643 divinus
712 3585 835 3661 Spiritus
857 3583 932 3658 opud
950 3602 981 3640 se
1001 3583 1093 3660 ipsulm
1114 3583 1225 3647 cecinit,
1240 3583 1301 3659 ipse

201 3664 325 3739 seipsum
360 3665 514 3722 exaudiens
548 3665 688 3741 adjungit,
720 3668 789 3723 Ecce
816 3666 970 3722 αιιιίὶοἰυιαι
997 3681 1057 3720 eom
1082 3665 1110 3718 in
1138 3663 1298 3736 Ephrotho.
1335 3685 1465 3738 οωωςρρ.

200 3744 351 3820 Bphretho
365 3764 432 3802 vero
450 3746 551 3803 eodem
565 3759 609 3803 est
623 3755 652 3804 et
666 3747 833 3804 Bethleem:
857 3745 930 3801 sicut
944 3743 974 3800 in
990 3742 1095 3800 Genesi
1116 3751 1237 3808 constet,
1253 3745 1301 3801 ubi
1335 3737 1393 3788 Μ

201 3824 237 3880 de
256 3825 364 3882 hehel
385 3825 491 3883 dictum
511 3834 564 3894 est,
585 3833 612 3882 et
636 3827 800 3901 sepelierunt
816 3845 875 3882 eom
898 3828 926 3881 io
948 3824 1123 3900 hippodromo
1141 3824 1300 3897 Ερλταθια,

201 3903 258 3961 lure
271 3913 311 3962 est
329 3905 474 3964 Bethleem.
517 3907 556 3962 Bt
577 3907 703 3980 superior
724 3905 873 3981 prophetia
893 3904 1015 3961 habebat
1033 3903 1112 3966 illud,
1126 3912 1153 3961 et
1173 3913 1202 3960 tn
1218 3905 1301 3962 Βιθι-

203 3985 270 4041 leem
291 3987 385 4042 domus
400 3987 556 4060 Ερλναθιο.
598 3987 680 4054 Ecce,
695 3986 794 4061 inquit,
809 3987 959 4044 andivimus
979 4003 1058 4040 eam:
1080 3993 1193 4041 constat
1206 3994 1300 4042 autern

201 4066 277 4138 qnod
298 4083 349 4139 per
369 4065 440 4122 illud
460 4085 522 4124 eam
544 4066 652 4124 Christi
670 4067 810 4142 originem
827 4064 970 4138 intelligit,
992 4077 1022 4120 et
1039 4064 1129 4140 ipsius
1143 4066 1196 4122 Dei
1210 4066 1301 4123 Jacob

201 4143 416 4204 habitationem.
459 4146 516 4204 Sed
530 4165 591 4220 quae
606 4147 720 4204 tandem
739 4147 801 4204 haeo
816 4143 899 4202 ruerit
912 4144 1050 4201 habitatio
1064 4144 1117 4202 Dei
1131 4145 1231 4210 Jacob.
1247 4147 1301 4202 nisi

201 4223 289 4298 ipsius
305 4225 412 4283 Christi
427 4245 540 4301 corpus,
555 4227 630 4302 quod
647 4227 677 4283 in
692 4227 839 4284 Bethleem
855 4233 953 4281 notum
969 4232 1022 4293 est,
1037 4225 1066 4282 in
1088 4245 1144 4299 quo
1165 4235 1298 4301 tanquam

201 4303 230 4359 in
253 4305 436 4362 tabernaculo
460 4307 536 4363 unici
557 4307 606 4363 filii
631 4306 763 4364 divinitas
788 4305 946 4363 habitavit?
979 4307 1121 4364 Ceterum
1143 4324 1202 4362 non
1232 4305 1298 4360 sirn-
