3132 4714
47 238 175 320 -318·
433 245 661 312 Dsuousu.
685 247 853 312 nunno.
879 247 1002 312 ναι.
1225 245 1289 310 635

184 411 276 505 λεία,
304 413 364 490 καὶ
392 412 484 492 κατὰ
513 417 636 498 ποίους
663 414 811 519 χρόνους
841 417 1057 520 κατελείφθη
1086 415 1108 513 ἡ
1136 418 1184 515 γῆ
1216 421 1289 494 τῶν

184 537 368 617 Ἰουδαίων
386 541 636 638 ἀβασίλευτος,
651 545 709 621 καὶ
728 540 816 642 σία-ἡ
836 576 877 642 γε
897 543 919 641 ἡ
937 544 1023 644 πρὶν
1039 540 1167 621 πολλὰ
1184 545 1289 620 δυνα-

184 662 272 764 μένη
291 671 549 766 Δαμασκηνῶν
566 666 678 772 χώρα,
697 669 842 774 μεγάλῃ
864 673 953 772 χειρὶ
978 668 1019 748 τὸ
1046 667 1203 748 παλαιὸν
1226 672 1290 767 τῆς

144 792 318 893 stopho
349 791 495 893 ἁπάσης
526 793 788 890 βασιλεύουσα.
847 797 933 874 Ἐπὶ
964 793 1036 897 γὰρ
1063 799 1127 892 τῆς
1154 793 1290 873 τούτων

185 917 423 1021 καθαιρέσεως
450 917 515 999 τὸν
539 919 773 1021 Ἐμμανουήλ
800 919 943 1005 πάντως
969 955 1041 1000 που
1069 919 1283 1021 γεννηθήσε·
1299 952 1330 986 10

186 1051 274 1125 σθαι
294 1046 396 1144 εἰκὸς,
414 1049 472 1125 καὶ
489 1044 554 1127 τὸν
569 1047 880 1155 προφητευόμενον
898 1049 1122 1148 ἐληλυθέναι.
1162 1054 1207 1128 Ei
1224 1048 1320 1148 μένᾰ

187 1173 249 1251 οὖν
266 1178 340 1250 τῶν
359 1172 587 1272 δηλουμένων
603 1179 723 1278 παρῆν
739 1177 826 1276 ὁρᾶν
843 1174 1081 1258 συνεστώσας
1098 1173 1162 1258 τὰς
1180 1182 1290 1269 βασι-

186 1300 295 1397 λείας,
315 1299 416 1379 ooth
440 1298 553 1405 1’χρῆν
580 1299 773 1404 περαιτέρω
802 1302 924 1404 ζητεῖν,
949 1299 1060 1400 μόνον
1088 1301 1126 1380 δὲ
1153 1301 1203 1379 ἔτι
1232 1305 1290 1388 καὶ

187 1435 250 1505 νῦν
277 1433 325 1510 εἱς
352 1426 537 1526 μέλλοντα
564 1425 695 1532 χρόνον
718 1425 886 1532 ἰιίναρτοῖν
913 1426 978 1511 τὰς
1006 1429 1166 1512 ἐλπίδας·
1195 1433 1224 1506 εἰ
1252 1426 1291 1507 δὲ
1370 1417 1374 1428 ’

187 1553 280 1661 έργιρ
296 1551 487 1658 προφανὴς
504 1589 526 1650 η
547 1556 752 1657 καθαίρεσις
770 1561 843 1634 τῶν
859 1553 1061 1656 εἰρημένων,
1081 1557 1129 1638 ὡς
1146 1553 1235 1653 μήτε
1253 1557 1312 1636 ε’νε

188 1686 381 1788 Δαμασκῷ
399 1679 489 1780 μήτε
506 1682 545 1758 ἐν
562 1685 608 1786 τῇ
625 1682 779 1788 Ἰουδαίᾳ
804 1683 885 1760 καθ’
907 1681 999 1780 ἡμᾶς
1017 1680 1144 1765 αὐτοὺς
1163 1682 1289 1788 φαίνε-

188 1812 278 1886 σθαι
308 1805 477 1904 βασιλέα,
507 1805 691 1910 πρόδηλον
720 1811 768 1892 ὡς
801 1807 928 1892 τέλους
959 1807 1061 1910 ε”τυχε
1093 1806 1135 1887 τὸ
1166 1805 1292 1909 λόγιον

190 1939 328 2040 φῆσαν,
349 1943 409 2014 καί
431 1932 743 2042 καταλειφθήσεται
763 1939 780 2029 ἡ
801 1934 847 2037 y}
866 1934 938 2015 cirri
961 1937 1138 2044 προσώπου
1157 1935 1217 2016 cclv
1236 1930 1291 2016 lv'o

190 2059 374 2158 βασιλέων,
394 2056 434 2140 ὧν
454 2059 495 2140 oh
520 2063 625 2174 φοβῇ,
645 2060 715 2142 tul
741 2063 921 2168 προσώπου
944 2061 1061 2144 cirus·
1092 2065 1332 2157 rovum-10

147 2187 287 2282 ιολίωι,
307 2189 386 2268 ἀντὶ
404 2194 476 2267 τῶν
493 2186 680 2282 βασιλειαῖι
697 2189 973 2289 ὠνομασμένων.
1013 2191 1062 2270 Ὁ
1080 2198 1169 2291 γοῦν
1188 2189 1289 2287 Σύμ-

189 2313 306 2420 μαχός
325 2323 451 2422 φησιν,
470 2313 827 2422 ἑγιιαταλειφθήσιται
852 2321 869 2410 ἡ
891 2315 948 2418 γῆ,
967 2323 1033 2423 ἀφ’
1051 2313 1089 2412 ἧς
1113 2313 1155 2395 oh
1176 2317 1288 2418 ἐγκα-

191 2447 275 2534 ιιεῖς,
306 2442 377 2523 cirri
409 2446 586 2551 sepontium
617 2443 678 2524 τῶι
707 2439 760 2524 olio
793 2441 967 2536 βασιλέων
998 2443 1109 2538 αὐτέης·
1169 2447 1242 2524 Καὶ
1272 2447 1292 2523 ὁ

188 2566 361 2660 Ἀκύλας,
390 2567 747 2676 ε’γιιατιιλειφθιὶσιτιιι
776 2608 793 2664 η
820 2568 920 2668 χθων,
950 2571 983 2664 ἣν
1017 2570 1057 2652 cl
1090 2575 1331 2670 σικχιιίιειςμς

146 2695 263 2785 sociari
287 2697 465 2803 προσαίπιυ
490 2695 550 2776 criu
573 2692 627 2776 θιίο
653 2697 828 2791 βασιλέων
847 2697 961 2792 αὐτῆς.
1023 2702 1097 2778 Καὶ
1115 2701 1134 2778 ὁ
1154 2701 1288 2778 Θεοδο-

368 2904 450 2980 11ηρι)
465 2910 496 2964 Ρ.
579 2905 718 2980 ἰἁμορταί
733 2910 793 2965 ED.
810 2911 928 2966 PARIS.
958 2909 1073 2982 ἁμαρτᾶν
1088 2912 1115 2965 S.

189 3091 307 3149 tandem
320 3091 419 3148 relicta
432 3099 476 3148 est
489 3099 566 3149 terra
578 3091 597 3148 J
600 3091 744 3148 udaeorum
758 3091 819 3149 sine
833 3109 911 3167 rege,
926 3110 1038 3150 necnon
1059 3091 1120 3167 ipsa
1139 3110 1200 3167 que
1214 3091 1292 3168 prius

189 3171 312 3229 multum
326 3181 448 3248 poterat.
462 3191 568 3247 magna
581 3191 669 3229 manu
686 3174 828 3247 quondam
848 3171 938 3248 Syriae
959 3174 1096 3230 universae
1117 3173 1291 3248 imperitans,

190 3253 432 3310 Damascenorum
446 3253 538 3328 regio.
581 3253 713 3328 Namque
727 3253 779 3310 eub
794 3253 896 3310 horum
916 3253 1091 3311 eversionem
1113 3263 1197 3328 atque
1218 3254 1290 3311 inte-

189 3333 277 3390 ritum
292 3333 385 3408 ipsum
400 3333 569 3390 Emmanuel
588 3352 703 3408 prorsus
722 3333 861 3390 oriturum
882 3333 968 3391 fuisse
987 3352 1041 3408 par
1059 3341 1112 3399 est,
1127 3346 1156 3391 et
1170 3353 1235 3391 eum
1256 3334 1292 3391 de

190 3433 248 3489 quo
269 3413 420 3490 prophetia
445 3414 571 3489 loquitur
592 3423 751 3471 venturum.
805 3413 836 3471 Si
860 3414 948 3488 igitur
968 3415 1071 3470 horum
1094 3414 1230 3488 ipsorum,
1257 3413 1293 3470 de

191 3495 293 3570 quibus
314 3495 422 3551 dictum
441 3504 494 3559 cst.
513 3513 603 3570 regna
623 3494 715 3552 adhuc
737 3503 812 3552 stare
832 3495 936 3551 intueri
956 3493 1062 3559 liceret,
1082 3492 1152 3549 nihil
1173 3492 1293 3566 amplius

191 3594 317 3650 quaerere
332 3594 403 3650 opus
417 3584 502 3642 esset,
518 3575 666 3632 sedetiam
682 3593 757 3633 nunc
771 3575 801 3631 in
815 3573 941 3631 futurum
955 3582 1068 3647 tempus
1085 3591 1163 3648 spem
1178 3590 1293 3629 omnem

191 3655 356 3713 intendere:
382 3656 426 3713 sin
441 3663 536 3713 nutem
550 3656 642 3730 reipsa
655 3663 768 3713 constat
782 3674 824 3723 ea,
840 3656 876 3712 de
890 3654 991 3729 quibus
1005 3653 1112 3710 dictum
1126 3662 1179 3719 est.
1195 3670 1294 3710 eversa

191 3737 358 3811 sublataque
379 3755 451 3802 esse,
470 3755 559 3812 usque
580 3736 651 3794 adeo
672 3745 704 3793 ot
722 3755 813 3810 neque
834 3736 862 3792 in
877 3736 1021 3793 Damasco
1042 3752 1134 3810 neque
1150 3733 1180 3790 in
1193 3733 1294 3792 Judaea

191 3816 298 3874 nostris
322 3817 497 3893 temporibus
518 3835 616 3892 regem
637 3817 741 3874 intueri
760 3817 853 3880 liceat.
877 3816 944 3892 quid
965 3815 1085 3890 amplius
1106 3813 1292 3872 dubitandum

192 3905 237 3954 est
256 3899 401 3955 oraculum
420 3916 503 3955 suum
520 3899 606 3955 finem
625 3897 777 3972 accepisse,
794 3897 869 3971 quod
890 3899 939 3966 ait,
954 3897 996 3954 Et
1010 3897 1174 3969 relinquetur
1188 3903 1261 3952 terra
1275 3914 1294 3951 ο

182 3977 261 4052 socie
274 3978 390 4035 duorum
405 3997 508 4054 regum,
523 3997 591 4052 quos
605 3987 635 4034 tu
657 3981 733 4036 times
751 3998 770 4035 ο
782 3979 864 4052 socie
884 3981 1019 4054 ι’ροοτιιοιε
1041 3977 1142 4053 quibus
1156 3977 1186 4034 'm
1199 3976 1294 4050 verbis

192 4077 271 4132 reyes
298 4078 349 4136 pro
374 4063 464 4133 reguis
490 4059 629 4116 nominati
654 4065 729 4115 sunt.
785 4057 932 4134 Siquidem
959 4057 1148 4134 Symmachus
1175 4057 1216 4114 ita
1242 4057 1292 4123 ait,

195 4139 373 4212 Relinquetur
389 4149 470 4205 terra,
486 4159 504 4196 ο
518 4157 572 4214 qua
587 4147 617 4195 tu
631 4139 707 4196 mulo
717 4141 832 4213 poteris,
847 4159 865 4195 ο
871 4139 953 4213 sucis
965 4139 1077 4196 duorum
1093 4156 1187 4214 aequm
1201 4138 1292 4212 ipsius.

193 4220 296 4295 Aquila
318 4239 397 4285 vero.
427 4221 605 4296 Relinquetur
630 4228 712 4286 terra,
738 4237 818 4294 quum
844 4227 873 4276 lu
889 4220 1017 4294 fastidis,
1039 4238 1056 4275 ο
1070 4217 1151 4294 socie
1178 4219 1294 4274 duorum

194 4317 285 4376 requm
308 4303 400 4376 ipsius.
442 4301 621 4358 Theodotion
646 4318 757 4374 quoque
782 4299 882 4357 eodem
907 4301 1109 4376 interpretatus
1132 4303 1176 4354 est
1197 4296 1292 4358 modo,

722 4415 771 4458 (Η
