3142 4720
262 257 329 327 598
737 251 924 333 EUSEBII
1339 239 1510 328 P·298···

263 421 348 516 κροῦ
367 418 440 496 τοῖς
454 411 596 518 ξοάνοις
608 409 899 516 ’ἐμφωλεύοντεα
911 414 969 490 καὶ
987 409 1051 495 τὰς
1065 417 1138 491 τῶν
1151 410 1363 510 Αἰγυπτίων

263 536 386 641 ψυχὰς
419 535 523 644 πόσῃ
561 536 835 635 δεισιδαιμονίας
869 535 993 641 πλάνῃ
1029 536 1362 634 καταδουλούμενοι,

263 661 540 761 συναισθόμενοι
567 661 670 768 ξένης
695 695 790 745 τινος
816 663 874 740 καὶ
902 661 1022 742 ἐνθέου
1046 660 1226 760 δυνάμεως
1243 663 1363 757 ἐπιδη-

263 788 402 888 μούσης
428 789 556 884 αὐτοῖς,
574 787 699 866 αὐτίκα
726 794 974 866 συνεκινοῦντο
1000 786 1120 865 σόλον
1145 787 1203 864 καὶ
1232 782 1385 864 κλόνους

262 917 301 994 ἐν
319 916 453 996 ἑαυτοῖς
470 912 682 1017 πάσχοντες,
700 915 761 1013 ἥτε
787 913 913 1015 καρδία
937 914 1055 992 αὐτῶν
1074 916 1132 992 καὶ
1151 913 1362 1011 1Ιὶῆδιιινοη-

262 1037 343 1138 tero)
368 1037 514 1136 δύναμις
533 1040 662 1137 ἡττᾶτο
687 1037 788 1118 ἔνδον
811 1041 848 1118 ἐν
874 1040 1019 1133 ἑαυτοῖς,
1037 1041 1278 1141 ῦπαχωροῦσα
1303 1040 1362 1116 καὶ

264 1161 435 1261 νικωμένη
464 1160 533 1244 ῦπό
561 1169 623 1262 τῆς
655 1161 814 1265 ἀοράτως
842 1162 1134 1262 συνελαυνοόσης
1162 1166 1219 1240 καὶ
1249 1160 1361 1263 πυρὸς

226 1317 255 1355 ¹²
264 1290 364 1388 δίκην
377 1287 520 1396 ἀρρήτῳ
534 1286 634 1396 λόγῳ
649 1289 860 1394 φλεγοῦσης
873 1289 999 1373 αι’ποῦς
1018 1289 1208 1386 δυνάμεως.
1238 1285 1362 1366 Ἀλλὰ
1372 1324 1402 1358 ιο

263 1412 344 1494 τότε
361 1413 427 1513 μὲν
445 1412 603 1517 ἀοράτως
621 1419 653 1493 οἱ
672 1415 833 1511 δαίμονες
850 1423 963 1494 ταῦτα
981 1415 1144 1518 ἔπασχον
1161 1417 1219 1494 ἐπὶ
1235 1419 1281 1518 τῇ
1299 1420 1362 1492 τοῦ

265 1545 432 1643 Σωτῆρος
458 1541 558 1638 ἡμῶν
575 1541 698 1639 Ἰησοῦ
728 1545 890 1642 Χριστοῦ
918 1548 966 1624 εἰς
993 1539 1060 1639 τῆν
1086 1539 1272 1640 Αἴγυπτον
1299 1541 1359 1617 ε’ν·

264 1665 389 1774 σόρκῳ
416 1665 594 1771 ἐπιδημίᾳ·
633 1663 750 1763 ἐπειδὴ
780 1664 819 1744 δὲ
852 1664 942 1762 μετὰ
973 1673 1085 1744 ταῦτα
1120 1671 1263 1766 γυμνῶς
1292 1665 1400 1764 ἤδηρ.
1413 1674 1483 1756 298

264 1791 394 1872 λοιπόν
411 1793 453 1872 τὸ
470 1796 551 1894 περὶ
570 1794 678 1872 αὐτοῦ
696 1791 908 1894 εὐαγγέλιον
925 1799 998 1875 τοῖς
1013 1793 1220 1893 Αἲγωττίαις
1235 1789 1361 1894 ὥσπερ

264 1919 327 1997 οῦν
358 1922 415 1998 καὶ
443 1925 517 2002 τοῖς
548 1924 686 2001 λοιποῖς
713 1918 853 1998 ἔθνεσιν
879 1917 1094 2020 ἐκηρύττετο,
1122 1919 1183 2018 ἦτε
1211 1915 1361 2020 ἀόρατος

265 2043 374 2121 αὐτοῦ
397 2041 543 2138 δυ’ναμις
565 2038 635 2120 σῦν
653 2049 748 2126 ”sois
766 2041 986 2126 ἀποστόλοις
1004 2044 1112 2122 cirrosi
1129 2046 1248 2144 παρῆν
1266 2044 1384 2147 ‹ipa-s

266 2173 335 2250 νιῦς
352 2166 639 2270 συμπράττουσα
663 2170 790 2266 αὐτοῖς,
810 2171 867 2247 καὶ
890 2177 1119 2271 συνεργοῦσα
1145 2171 1203 2246 καὶ
1229 2200 1362 2267 καταγ-

265 2290 455 2395 γέλλουσα
487 2295 529 2372 δι’
557 2295 674 2372 αι’ντῶν
709 2293 776 2392 τὴν
812 2297 944 2393 εὐσεβῆ
978 2295 1214 2374 διδασκαλίαν
1244 2294 1362 2388 αῦτοῦ,

265 2415 376 2515 μόνον
393 2417 457 2496 τόν
474 2418 535 2495 ἕνα
554 2421 611 2498 καὶ
629 2417 740 2513 μόνον
761 2423 879 2518 ἀληθῆ
899 2419 995 2499 Θεὸν
1019 2421 1179 2512 εὐσεβεῖν
1204 2450 1360 2519 παρακε·

266 2542 448 2642 λευομένη,
467 2549 538 2622 τῶν
565 2541 603 2622 δὲ
628 2541 803 2640 δαιμόνων
829 2543 910 2627 τοῦς
932 2544 1048 2624 πάλαι
1072 2542 1365 2642 πεπλανημένους

230 2671 473 2775 ῑςᾶφιστιῦσο,
502 2671 652 2749 ἐνταῦθα
677 2667 806 2751 λοιπόν
832 2671 898 2769 ἤδη
924 2671 1131 2771 Αἰγυπτίοις
1155 2665 1280 2771 ὥσπερ
1301 2669 1364 2747 οῦν
1375 2707 1406 2743 ιο

266 2797 324 2872 rai
351 2801 422 2877 τοῖς
448 2801 586 2878 λοιποῖς
615 2794 732 2874 ἔθνεσι
760 2793 893 2877 στάσις
920 2799 979 2873 καὶ
1005 2791 1164 2891 πόλεμος
1192 2792 1364 2898 ἐμφύλιος

267 3045 284 3095 λ
307 2958 521 3097 Ῑὲρφέλεόοντες
535 2963 563 3016 S.
578 2971 605 3016 et
620 2981 682 3016 mox
697 2963 920 3030 καταδουλόμενοι.
1013 2973 1037 3005 ¹¹1
1052 2961 1067 3030 ἡ
1082 2961 1141 3015 edd.
1157 2961 1187 3015 P.
1282 2961 1366 3015 ”reis

285 3062 412 3098 οιποις.

267 3171 471 3246 AEgyptioruur
493 3170 570 3226 omni
592 3169 801 3244 superstitionis
819 3169 908 3225 errori
929 3168 1093 3225 addicentes
1117 3187 1152 3224 ec
1172 3167 1364 3243 subjicientes,

268 3269 353 3325 quum
369 3250 524 3307 sensissent
537 3269 640 3306 novum
655 3251 796 3324 quandem
810 3249 991 3322 divinamque
1005 3249 1140 3305 virtutem
1161 3248 1197 3304 ad
1218 3265 1249 3303 se
1270 3265 1364 3304 acces·

268 3330 347 3396 sisse.
371 3331 445 3387 illico
470 3330 604 3387 commoti
627 3339 701 3394 sunt,
723 3338 753 3386 et
776 3329 990 3385 fluctuationem
1015 3347 1048 3384 ac
1072 3327 1311 3402 perturbationem
1335 3327 1365 3383 in

269 3411 368 3487 seipsis
390 3411 574 3486 pertulerunt,
598 3429 701 3484 corque
730 3411 856 3485 ipsorum
881 3418 910 3466 et
933 3409 976 3464 vis
996 3407 1172 3483 intelligendi
1195 3407 1365 3464 intrinsecus

269 3491 298 3549 in
327 3491 395 3567 ipsis
423 3492 552 3548 convicta
576 3498 651 3554 sunt.
680 3499 881 3564 cesseruntque
909 3507 941 3545 ac
968 3489 1067 3563 fugata
1096 3497 1162 3544 sunt
1189 3488 1225 3544 eb
1249 3506 1283 3544 ea
1309 3488 1367 3544 vir.

268 3581 338 3640 tute,
364 3591 426 3646 quae
451 3571 542 3628 visum
566 3571 705 3646 effugiens
729 3570 792 3626 ilios
813 3568 1009 3644 compellebat,
1033 3577 1062 3625 et
1086 3568 1161 3644 ignis
1182 3569 1271 3623 instar
1294 3566 1365 3624 inef-

268 3653 345 3710 fabili
368 3653 488 3726 quadam
508 3653 618 3708 ratione
642 3651 787 3708 adurebat.
830 3650 868 3706 Et
887 3657 955 3705 tunc
977 3648 1088 3723 quidem
1111 3647 1287 3705 invisibiliter
1308 3647 1365 3703 dte·

269 3751 368 3789 mones
392 3732 459 3788 tulis
483 3732 558 3807 pessi
583 3741 658 3796 sunt,
684 3749 771 3806 quum
797 3729 929 3786 Salvator
952 3736 1051 3785 noster
1071 3729 1156 3786 Jesus
1180 3727 1312 3785 Christus
1337 3727 1368 3784 in

268 3813 430 3887 AEgyptum
451 3831 516 3868 cnm
531 3811 633 3868 visibili
650 3828 768 3886 corpore
786 3809 924 3882 pervenit.
967 3809 1008 3865 At
1021 3827 1089 3866 vero
1110 3817 1262 3885 postquam
1283 3805 1368 3880 piane

266 3892 328 3966 jem
348 3891 436 3964 ipsius
456 3891 633 3965 evangelium
656 3890 693 3946 ad
705 3890 872 3965 AEgyptios,
888 3890 960 3946 sicut
981 3889 1017 3945 ad
1038 3889 1159 3964 reliquas
1180 3895 1281 3962 gentes
1302 3905 1366 3961 per·

269 3971 359 4028 latum
379 3979 431 4037 est,
452 3980 481 4028 et
501 3971 647 4029 invisibilis
669 3971 730 4045 ejus
753 3971 842 4026 virtus
863 3988 919 4028 una
941 3987 1004 4025 cum
1027 3965 1088 4042 ejus
1110 3968 1245 4042 apostolis
1266 3967 1367 4034 adfuit,

269 4069 332 4126 quae
355 4050 476 4107 latenter
502 4051 566 4108 iilos
587 4052 743 4126 adjuvaret,
768 4059 797 4107 et
818 4067 876 4106 uua
903 4068 967 4106 cuns
994 4048 1051 4105 illis
1077 4068 1138 4106 rem
1165 4047 1367 4125 negotiumque

269 4137 391 4205 gereret,
407 4149 440 4186 ac
455 4149 505 4205 per
518 4151 567 4188 eos
581 4132 742 4206 religiosam
757 4130 888 4205 piamque
902 4129 990 4205 ipsius
1004 4129 1162 4186 doctrinam
1177 4128 1366 4192 denuntiaret.

270 4227 412 4283 unumque
427 4209 519 4266 solum
536 4228 569 4265 oc
583 4228 680 4266 verum
694 4211 786 4267 Deum
801 4209 893 4266 coiere
907 4209 1114 4276 adhortaretur,
1127 4222 1155 4266 et
1166 4227 1216 4265 eos
1230 4227 1247 4263 a
1261 4207 1367 4263 dremn-

271 4290 353 4345 nibus
375 4297 523 4355 averteret,
543 4289 589 4362 qui
611 4289 689 4362 prius
710 4288 821 4362 decepti
841 4289 969 4345 fuerent:
992 4287 1039 4344 hic
1054 4291 1114 4364 jem
1134 4299 1195 4345 tum
1209 4285 1366 4362 AEgyptiis.
