3130 4722
54 235 197 320 -384
452 237 681 309 DEMONST.
705 241 874 310 EVANG.
896 245 994 311 VIII.
1006 265 1035 312 2.
1254 245 1320 314 765

210 402 322 498 σθῆναι
341 409 524 514 οὶμοιρτίοιν,
542 417 601 488 καὶ
620 411 676 489 τοῦ
694 412 892 562 σφραγίται
907 413 1110 521 ’ἁμαρτίαα
1124 413 1143 490 ὁ
1157 411 1317 497 Ἀκύλας

209 533 388 632 πεποίηκε,
409 536 464 612 τοῦ
492 531 685 616 συντελέσιιι
712 573 819 630 τηνοι
794 536 940 635 οίθεσίοιν,
969 546 1028 619 καὶ
1055 541 1110 618 τοῦ
1138 537 1315 619 τελειιῦσοιι

170 661 395 764 ιοοὶμοιρτίοιν.
453 659 509 740 Τὸ
537 659 619 814 γὰρ,
643 662 845 769 πληριύσοιτι
873 702 908 744 το
934 662 1048 814 μθτρον
1076 664 1137 745 rein
1165 663 1339 773 πατίροινε

210 783 309 888 υμῦν,
334 783 513 932 εἰρημένον
538 787 607 868 ῦπῦ
635 797 698 868 τοῦ
727 791 943 892 Σωτῆρος
923 797 1023 889 ημιῦν
1050 789 1141 895 πρὸς
1168 789 1250 874 τοῦς
1277 793 1316 870 ἐκ

209 915 411 1013 περιτομῆς,
425 946 484 991 και
470 911 561 992 διδ
579 911 714 994 τούτων
733 910 830 1012 οἶμαι
848 917 1108 1018 παρίστασθαι.
1139 915 1289 996 Ἐπὶ
1244 949 1316 1019 γαρ

209 1040 273 1134 τῆς
301 1037 375 1116 κατ’
396 1038 504 1116 αὐτοῦ
529 1041 771 1138 τολμηθείσης
796 1049 861 1119 τοῦ
878 1043 1059 1121 Ἰουδαίων
1087 1041 1210 1125 ἔθνους
1234 1044 1312 1121 ἔπι-

210 1165 347 1260 βουλῆς
370 1161 613 1262 συνετελέσθη
639 1165 756 1244 αὐτῶν
780 1167 803 1264 ἡ
830 1167 996 1268 ἁμαρτία,
1016 1170 1075 1246 καὶ
1098 1166 1120 1264 ἡ
1143 1163 1234 1269 πρῦς
1252 1165 1316 1247 τὸν
1328 1205 1357 1240 ιο

167 1309 203 1344 ²⁰
211 1285 307 1366 θεὸν
333 1286 425 1367 κατῦι
449 1287 513 1368 τὸν
531 1288 694 1370 Ἀκύλαν
718 1288 841 1372 ιἰθοσίοι
864 1288 970 1376 τέλος
993 1292 1131 1397 εἴληφε.
1191 1291 1316 1371 Πάλαι

210 1412 370 1516 μὲνγὰρ
398 1413 572 1518 πρότερον
600 1415 726 1521 ἔφερεν
753 1413 880 1500 αῦτοῦς
908 1417 930 1515 ἡ
958 1425 1022 1495 τοῦ
1050 1422 1147 1496 Θεοῦ
1174 1450 1311 1519 μακρο·

210 1543 319 1636 θυμία
341 1543 450 1643 μυρία
472 1539 544 1621 ὅσα
568 1551 872 1641 πλημμελοῦντας
891 1539 963 1642 πρὸ
982 1545 1046 1640 τῆς
1063 1551 1127 1621 τοῦ
1147 1545 1316 1643 Σωτῆρος

209 1664 310 1763 ἡμῶν
327 1666 537 1770 παρουσίας,
555 1663 678 1768 ὥσπερ
698 1667 760 1745 οῦν
784 1664 843 1744 διὰ
868 1673 941 1746 τῶν
962 1672 1195 1772 προφητικῶν
1218 1667 1345 1745 ἀπο-ἀ

209 1791 383 1870 δείκνυται
408 1789 543 1892 λόγων·
573 1790 672 1889 πλὴν
697 1794 781 1870 ἀλλ’
802 1788 928 1894 ὥσπερ
946 1793 1003 1872 ε’πὶ
1026 1798 1099 1872 τῶν
1115 1789 1231 1873 πάλαι
1249 1790 1315 1890 τὴν

208 1919 279 2016 γῆν
306 1920 371 2015 τῆς
398 1918 614 2019 ἐπαγγελίας
646 1919 835 1998 οἰκούντων
862 1917 1089 2024 ἀλλοφύλων
1117 1918 1233 2019 εἴρητο
1264 1925 1315 2024 τῷ

208 2038 390 2143 Ἀβραὰμ,
421 2040 511 2122 οῦπω
542 2040 611 2147 γῦιρ
644 2043 945 2148 οίνοιπεπλνὶρωντοιι
977 2053 1015 2123 αι’
1052 2043 1219 2148 ἁμαρτίαι
1252 2041 1336 2126 τοῦνι

208 2169 418 2274 Ἀμορραίων,
436 2169 496 2245 καὶ
521 2168 568 2246 ‘ei
591 2169 738 2268 μηδέπω
763 2165 861 2268 ἦσαν
884 2167 1225 2270 Ιιε’κπειιληριυριείιαι
1249 2170 1314 2247 οῦκ

208 2292 408 2391 ἠλαύνοντό
432 2329 490 2374 πω
516 2299 549 2372 οἱ
567 2295 777 2399 Ἀμορραῖοι
800 2299 865 2395 τῆς
885 2291 1056 2402 πατρῴας
1076 2298 1153 2396 γῆς,
1172 2296 1246 2374 ἐπεὶ
1274 2293 1312 2376 δὲ

209 2419 475 2520 ἐπληρώθησαν
492 2425 529 2500 ni
548 2421 715 2524 ἁμαρτίαι
733 2423 860 2518 αὐτῶν,
874 2429 1066 2522 τηνικαῦτα
1083 2421 1214 2503 πάντες
1232 2419 1312 2525 ἐξο-

208 2545 459 2649 λοθρεύθησαν
487 2548 546 2627 ἐπὶ
576 2554 649 2627 τῶν
676 2549 801 2647 Ἰησοῦ
832 2556 896 2628 τοῦ
927 2546 1114 2630 Μωυσέως
1144 2546 1311 2650 διαδόχου
1324 2587 1353 2623 ιο

208 2668 359 2775 χρόνων·
390 2673 482 2750 οὕτω
507 2677 566 2750 καὶ
590 2675 648 2752 ἐπὶ
671 2681 734 2752 τοῦ
758 2673 933 2776 προτέρου
951 2670 1092 2772 νοήσεις
1108 2680 1215 2751 λαοῦ·
1245 2673 1311 2756 ἕως

207 2796 273 2896 μὲν
291 2796 362 2900 γὰρ
379 2799 444 2877 οῦκ
460 2801 681 2900 ἐπληροῦντο
703 2800 820 2878 αῦτῦν
837 2803 875 2878 αἱ
893 2799 1070 2902 ἁμαρτίαι,
1090 2799 1113 2897 ἡ
1132 2806 1195 2876 τοῦ
1214 2803 1310 2877 Θεοῦ

277 2956 442 3031 ’ἁμαρτίαν]
460 2958 584 3030 ἁμαρτίας
599 2961 629 3014 Ρ.
711 2957 797 3036 tr‘nnr]
816 2961 839 3015 εί
854 2961 886 3016 Ρ.
969 2968 986 3000 ¹²
1000 2958 1193 3031 ε’κπληρθνμιναι
1207 2958 1236 3015 S.

207 3088 284 3162 quari
311 3087 413 3143 annulo
440 3088 583 3159 signemur
606 3095 730 3161 peccato,
759 3087 861 3162 Aquilo
888 3087 982 3155 vertit,
1010 3087 1047 3143 nd
1074 3088 1308 3143 consummandam

205 3169 463 3241 prevaricationem,
482 3175 509 3224 ει
523 3168 609 3242 finem
630 3171 818 3243 imponendum
833 3177 956 3243 peccaro.
999 3167 1074 3225 Illud
1094 3167 1179 3232 enim,
1193 3167 1310 3241 Impieie
1352 3189 1389 3229 ιι
1389 3189 1450 3229 ειη,
1440 3199 1471 3238 2³.

207 3265 362 3304 πιαιιιιοαονι
379 3255 494 3321 potrum
517 3256 675 3313 nostrornm,
701 3249 778 3323 quod
801 3268 818 3305 α
840 3248 988 3306 Salvatore
1012 3257 1111 3304 nostro
1133 3248 1170 3304 nd
1191 3247 1309 3304 Judaeon
1349 3249 1382 3288 ³²·

209 3327 316 3384 dietum
329 3335 382 3392 eet,
397 3329 483 3385 etiam
503 3328 532 3384 in
553 3328 598 3384 hin
618 3329 741 3386 arbitror
754 3328 892 3386 contineri
908 3347 941 3386 no
958 3328 1129 3402 significari.
1153 3345 1219 3383 nam
1240 3327 1308 3384 dum

209 3407 324 3464 innidinn
338 3407 377 3464 illi
390 3408 409 3465 J
411 3408 510 3466 odmen
524 3427 596 3484 genn
609 3409 725 3466 molitur
738 3416 768 3465 et
781 3409 905 3472 conficit,
917 3416 1063 3482 peccatum
1079 3425 1161 3462 nuum
1175 3424 1308 3462 consum.

208 3489 316 3545 movit:
338 3497 369 3546 et
391 3489 528 3564 ejusdem.
551 3497 583 3546 nt
603 3488 709 3563 Aquila
731 3489 824 3552 vertit,
844 3489 980 3545 adversus
1003 3487 1095 3544 Deum
1119 3488 1309 3559 prevaricatio

208 3567 295 3626 finem
310 3569 427 3643 occepit.
468 3569 487 3626 J
489 3569 644 3644 ampridern
656 3569 731 3626 enim
746 3568 810 3625 illos
823 3569 952 3643 quamvis
965 3565 1180 3660 inunmerabilin
1192 3573 1310 3657 peccabo

208 3645 1310 3807 mm03:¹3bb3ss⁸ssss0ssilissssssr⁰5zizbzriffi?

209 3817 403 3867 verumtamen
418 3811 491 3868 nient
505 3811 541 3867 de
561 3810 616 3868 illio
636 3811 684 3885 qni
705 3829 810 3886 genere
833 3811 869 3869 ab
883 3809 1014 3868 Hebraein
1028 3807 1190 3865 differentes
1204 3815 1309 3864 terrem
1402 3819 1407 3834 ¹

209 3889 404 3963 promissionis
418 3891 580 3948 incolebant
594 3889 630 3947 nd
643 3890 790 3948 Abrohom
803 3892 911 3949 diotnm
925 3899 979 3956 ent,
996 3890 1125 3946 Nondum
1146 3890 1216 3944 enim
1238 3903 1310 3942 com·
1352 3896 1405 3937 oen.
1417 3905 1448 3947 ιι.

206 3971 284 4044 ρίεια
297 3978 363 4027 enni
373 3979 487 4045 pecnnia
501 3969 739 4028 Antoninorum:
761 3979 791 4028 et
801 3971 934 4046 qnnmdin
948 3970 1089 4046 completo
1102 3987 1160 4026 non
1175 3967 1262 4034 fuere,
1274 3968 1310 4024 de
1355 3949 1385 3989 ¹⁶¹

210 4057 287 4106 tem
300 4051 427 4125 ipsorum
440 4051 534 4126 petrin
551 4050 660 4125 expulsi
678 4069 737 4107 non
758 4060 833 4109 sunt.
876 4051 935 4109 Ubi
954 4059 1049 4108 nutem
1070 4049 1213 4123 completo
1233 4055 1309 4113 nunt,

208 4135 270 4186 tum
278 4149 347 4188 vero
361 4149 462 4188 omnes
475 4131 504 4188 in
517 4130 663 4188 interitum
677 4129 847 4196 inciderunt,
858 4149 921 4205 qun
931 4149 999 4188 nane
1012 4129 1108 4188 cloden
1121 4129 1185 4186 ilion
1198 4127 1309 4202 excepit

208 4211 384 4285 temporibus
404 4211 479 4269 illiue
498 4211 568 4269 Jenn
589 4211 637 4286 qni
652 4209 732 4268 Moei
753 4211 907 4269 nuooennit:
930 4210 970 4268 itu
986 4210 1071 4268 etiem
1090 4210 1126 4266 de
1144 4209 1238 4284 priore
1259 4207 1310 4264 tibi

207 4289 425 4366 intelligendum
446 4302 490 4350 est
508 4291 631 4366 populo:
654 4291 788 4365 quamdiu
806 4290 882 4348 enim
898 4290 1010 4348 illorum
1033 4297 1150 4364 ροοοαιο
1170 4287 1311 4363 completo
