3132 4714
63 263 197 332 -323.
292 231 306 248 “
450 250 677 320 nnnousn.
701 255 870 320 nvlnu.
897 257 974 322 vn.
995 278 1022 320 1.
1246 255 1310 322 645

209 408 277 508 τὴν
292 418 357 490 τοῦ
376 411 609 512 Ἐμμανουὴλ
633 415 775 514 γε’νεσιν
797 412 1117 521 ἀφανισθήσεσθαι
1143 416 1309 518 θεσπίζει.

166 533 288 616 74Ἐτι
315 536 354 618 δὲ
381 540 419 616 ἐν
446 545 491 644 τῇ
520 540 721 645 δηλουμένη
748 540 873 648 ἡμέρᾳ,
891 545 1003 639 δῆλον
1027 539 1065 621 δὲ
1093 540 1147 622 ὅτι
1175 548 1220 646 τῇ
1247 550 1312 620 τοῦ

205 662 451 763 Ἐμμανουήλ,
481 667 577 745 τοῦτ’
605 665 685 746 ἔστι
713 671 777 765 τῆς
809 675 872 746 τοῦ
899 671 1064 769 Χριστοῦ
1095 668 1310 772 ἐπιφανείας,

206 784 337 897 θρίφει,
357 794 484 896 φησὶν,
505 790 672 898 ἅνθρωπος
690 789 845 898 θάμιιλιν
863 792 959 891 βοοῖν,
981 801 1041 876 καὶ
1061 789 1115 876 θύο
1135 797 1307 901 τρίβοντα.
1322 830 1352 864 ¹0

209 921 279 996 Kal
310 915 407 996 ίσται
437 918 509 998 oiri
537 921 594 998 τοῦ
622 924 780 1000 πλείστου
807 925 910 1001 ποιεῖν
937 921 1055 1023 γάλα,
1074 920 1223 1028 βούτυρον
1250 929 1336 1002 nale

168 1042 289 1146 ιςμέλι
307 1045 466 1148 φάγεται
484 1047 558 1129 πάις
577 1054 593 1125 ί
613 1044 857 1153 καταλειφθεὶς
883 1049 939 1126 ἐπὶ
964 1045 1021 1138 riis
1046 1045 1121 1148 γ’ἦς.
1182 1050 1240 1126 Δι’
1261 1044 1311 1126 ὧν

207 1169 298 1272 φαίη
324 1168 369 1247 άν
387 1203 442 1253 τις
466 1171 544 1270 ἤτοι
570 1169 676 1270 λιμὸν
695 1171 913 1252 αίυίττεσθαι
931 1174 990 1251 καὶ
1008 1171 1186 1275 πτωχείαν
1206 1175 1311 1275 ὑπερ-

205 1291 428 1388 βάλλουσαν
445 1304 509 1376 τοῦ
527 1300 565 1378 ἐκ
583 1301 773 1400 περιτομῆς
791 1305 893 1395 λαοῦ,
910 1295 960 1397 μὴ
975 1297 1227 1399 ΙΙεὐποροῦντος
1245 1298 1310 1397 μὲν

205 1425 271 1520 τῆς
288 1421 362 1502 ἀπὸ
380 1423 484 1502 σίτου
507 1422 598 1502 κατά
616 1423 730 1528 φύσιν
748 1428 896 1528 τροφῆς,
915 1421 965 1522 μὴ
991 1421 1027 1502 δὲ
1052 1429 1121 1524 γῆν
1138 1428 1332 1526 άροῦντοςε

206 1551 266 1627 καὶ
282 1549 493 1651 σπείραντος
511 1551 569 1629 καὶ
587 1549 794 1653 θερίᾷιντος,
812 1550 863 1650 μὴ
887 1549 925 1631 δὲ
946 1550 1098 1649 ποίμνας
1115 1551 1310 1652 προβάτων

205 1673 256 1772 μὴ
282 1675 320 1755 δὲ
340 1681 440 1770 βοῶν
455 1675 591 1778 ἀγέλας
610 1675 847 1778 ἰκεκτημένου,
865 1678 1033 1782 ἐχομένου
1058 1675 1096 1757 δὲ
1124 1676 1187 1758 δύο
1214 1712 1305 1782 προ-

206 1800 330 1897 βάτων
348 1805 407 1882 καὶ
426 1803 613 1900 δαμάλεως
631 1811 723 1902 μιᾶς,
739 1803 782 1884 τὸ
801 1805 936 1885 τούτων
950 1804 1049 1906 γάλα
1065 1804 1307 1909 ποριζομένου·

206 1924 230 2025 ἢ
258 1927 382 2011 άλλως
408 1937 652 2032 τρσπολογῶν,
674 1930 739 2010 τὸν
762 1932 828 2030 μὲν
851 1931 1135 2038 καταλειφθέντα
1160 1935 1218 2014 ε’πὶ
1245 1938 1348 2031 τῆςιο

205 2058 274 2154 γῆς
297 2055 513 2135 αἰνίττεσθαι
541 2057 630 2160 φαίη
659 2053 704 2135 ἂν
721 2055 785 2136 τὸν
802 2063 876 2136 τῶν
893 2061 932 2138 ἐκ
955 2063 1147 2160 περιτομῆς
1172 2065 1220 2143 είς
1245 2056 1309 2139 τὸν

206 2184 357 2283 Σωτῆρα
374 2184 433 2260 καὶ
454 2181 588 2283 Κύριον
606 2182 707 2280 ἡμῶν
725 2181 1014 2264 πεπιστευκότων
1032 2184 1252 2265 ἀποστόλων
1270 2220 1309 2264 τε

204 2309 263 2384 καὶ
280 2307 548 2409 εὐαγγελιστῶν
566 2305 686 2412 χορὸν,
705 2305 756 2388 ὧν
774 2309 925 2395 ἕκαστος
943 2316 1082 2417 λεῖμμα
1113 2317 1188 2392 κατ’
1209 2314 1308 2392 ἐκλο-

203 2430 264 2534 yla
282 2434 419 2539 χάριτος
439 2433 606 2536 γεγονὼς,
626 2438 684 2515 καὶ
712 2435 770 2516 διὰ
797 2445 903 2517 τοῦτο
931 2447 945 2518 ὁ
977 2437 1222 2546 καταλειφθεὶς
1251 2439 1336 2518 e'rrid

204 2557 261 2651 τῆς
292 2559 357 2660 γῆς
387 2562 649 2662 ὠνομασμένος,
675 2564 822 2667 θρέψειν
853 2562 996 2663 λε’γεται
1024 2563 1181 2662 δάμαλιν
1208 2571 1307 2658 βοῶν

203 2689 260 2764 καὶ
280 2684 343 2765 δύο
361 2686 538 2790 πρόβατα,
549 2688 631 2789 τρία
649 2689 731 2765 καθ’
747 2685 903 2788 ἑκάστην
917 2690 1112 2788 ἐκκλησίαν
1126 2687 1304 2788 τάγματα,

205 2813 241 2891 ἓν
258 2809 324 2911 μὲν
341 2812 384 2892 τὸ
401 2819 474 2892 τῶν
491 2812 705 2915 ἡγουμένων,
724 2813 788 2893 δύο
806 2814 844 2893 δὲ
862 2813 908 2893 τά
926 2820 997 2892 τῶν
1017 2811 1329 2911 ὑποβεβηκθτων,ε

243 2979 259 3024 ¹²
273 2983 450 3054 εὔπωροῦντος
464 2983 495 3038 Ρ.
588 2977 594 3016 ¹
608 2985 761 3053 κεκτημένου
774 2983 912 3056 ε’χομίνου]
928 2984 1095 3070 κεκτημένους
1108 2984 1216 3054 ἔχεσθαι
1231 2985 1263 3038 Ρ.

202 3113 328 3170 luduicae
352 3112 448 3188 gentis
472 3121 672 3170 ornamentum
699 3122 765 3188 pust
792 3115 882 3190 ipsius
907 3113 1077 3171 Emmanuel
1100 3120 1194 3170 ortum
1223 3113 1304 3170 abra·

203 3193 337 3258 deudnm,
362 3193 417 3249 hoc
440 3202 485 3250 est
508 3194 692 3261 abolendum,
717 3194 803 3251 cauit.
847 3195 988 3252 Praeterea
1010 3195 1039 3250 in
1061 3212 1095 3251 ea
1117 3194 1162 3250 die
1187 3194 1222 3251 de
1251 3213 1306 3268 qua

203 3273 308 3330 dictum
323 3281 378 3339 eat,
391 3272 479 3348 ipsius
494 3274 608 3348 inquam
624 3274 805 3340 Emmanuel,
821 3294 883 3350 quae
898 3284 942 3332 est
956 3275 1016 3332 dies
1033 3274 1172 3332 adventus
1187 3275 1304 3339 Christi,

202 3355 314 3418 nutriet,
331 3353 431 3428 inquit,
446 3353 524 3411 domo
537 3354 688 3426 γάοεαααοι
710 3356 797 3420 buum,
812 3363 840 3412 et
859 3359 928 3414 duna
948 3373 1018 3420 oues.
1033 3359 1173 3413 sterilae
1190 3357 1306 3427 eoquod

199 3435 350 3508 plurimum
362 3434 455 3508 saciet
470 3437 525 3501 lue,
540 3435 667 3509 butyrum
681 3444 708 3492 et
721 3436 773 3493 mel
785 3437 913 3500 comedet,
929 3437 1014 3492 omnia
1028 3436 1077 3514 qui
1091 3437 1201 3492 relictus
1211 3431 1306 3507 fuerit

202 3517 231 3569 ia
246 3521 329 3570 terra,
371 3515 406 3571 ln
420 3514 522 3588 quibus
536 3515 630 3572 verbis
645 3534 713 3573 sane
727 3516 832 3573 dixerit
846 3516 945 3590 aliquis
958 3515 1071 3572 Judaiui
1089 3513 1187 3588 populi
1199 3513 1305 3568 semem

201 3603 453 3669 paupertatemque
481 3595 649 3652 immensam
677 3595 840 3671 significari.
870 3596 973 3670 quippe
1000 3595 1048 3669 qui
1074 3611 1166 3667 neque
1193 3592 1305 3648 triticeo

201 3674 379 3749 naturalique
401 3674 465 3732 cibo
483 3676 520 3732 sit
539 3675 742 3744 abundaturus,
757 3695 793 3732 ex
814 3695 850 3734 eu
870 3677 946 3750 quud
964 3693 1058 3750 neque
1078 3683 1183 3732 terram
1205 3671 1303 3735 arabit,

202 3773 295 3829 neque
320 3755 479 3822 seminabit,
502 3773 595 3830 neque
617 3765 715 3820 metet,
730 3775 824 3832 neque
847 3775 951 3832 greges
979 3757 1073 3812 ovium
1102 3771 1195 3828 neque
1217 3753 1305 3809 boum

201 3844 332 3892 armenta
351 3853 543 3910 possessurus,
562 3836 613 3893 sed
636 3836 784 3894 habiturus
806 3838 877 3894 duas
901 3855 969 3894 oves
991 3845 1020 3893 et
1038 3836 1190 3911 juvencam
1208 3851 1304 3896 unam,

202 3914 304 3987 quibus
317 3915 363 3972 lae
376 3916 429 3972 sibi
443 3916 497 3990 ipsi
516 3917 695 3994 suppeditet:
717 3925 767 3974 aut
782 3918 875 3983 aliter,
890 3917 1012 3991 figurate
1030 3915 1158 3990 loquens,
1173 3933 1237 3971 enm
1258 3913 1306 3987 qui

202 3995 231 4050 in
252 4003 329 4052 terre
349 3996 464 4052 relictus
483 3996 529 4062 sit,
544 3997 704 4072 significare
719 3999 823 4055 dixerit
836 4017 872 4054 ex
887 3997 907 4054 J
910 3995 997 4053 udaeis
1011 3996 1058 4070 qui
1077 3995 1106 4052 in
1127 3995 1304 4052 Salvatorem

201 4093 236 4131 ac
249 4075 408 4134 Dominum
421 4084 549 4134 nostrum
566 4077 747 4145 crediderint,
757 4078 949 4153 apostulorum
966 4085 1050 4151 atque
1064 4076 1304 4150 evangelistarum

201 4155 331 4221 chorum
357 4176 374 4214 e
400 4157 500 4231 quibus
528 4158 727 4232 unnsquisque,
750 4177 835 4233 quum
860 4159 1004 4214 secuudum
1027 4158 1181 4214 electionem
1206 4156 1305 4231 qratia·
1345 4170 1468 4218 donares.

202 4237 315 4294 relictas
327 4239 372 4305 rit,
387 4245 416 4294 et
430 4237 467 4294 ob
484 4237 513 4294 id
532 4239 644 4296 'relictus
665 4241 692 4295 in
713 4247 788 4295 terra
806 4237 978 4301 nominatus,
994 4237 1146 4311 juvencam
1167 4237 1252 4292 boum
1275 4241 1304 4290 et

202 4315 272 4374 duas
293 4335 362 4374 oves
382 4317 486 4375 dicitur
507 4319 672 4385 nutrituras,
688 4328 785 4376 ternos
803 4318 934 4375 videlicet
955 4336 1005 4391 per
1026 4316 1151 4388 singulas
1172 4313 1303 4370 eeclesias
