3132 4714
252 249 317 314 oei
700 253 887 318 ausuum
1327 277 1360 338 p.
1371 254 1510 338 318—

211 422 390 519 ιιδημίας.
449 427 534 501 Τῶν
559 424 631 526 γὰρ
653 431 747 506 δυεῖν
773 425 958 520 βασιλείου
977 426 1240 531 καθῃρημένων,
1259 460 1345 505 κατ·

250 549 400 653 ελείφθη
428 549 556 651 ἕρημος
584 552 606 650 ή
634 558 708 630 τῶν
734 552 916 632 Ἰουδαίων
949 556 1007 652 γῆ,
1041 549 1167 655 ὥσπερ
1199 551 1353 632 ἔσεσθαί
1358 575 1371 625 ⁵

250 680 366 779 φησιν
401 676 420 752 ὁ
456 675 622 780 χρησμὸς
655 675 773 774 είπάιν,
808 676 1116 785 καταλειφθήσεται
1150 683 1167 770 ri
1199 676 1245 780 ’μή
1276 677 1349 759 ἀντὶ

250 801 428 905 προσώπου
451 801 512 882 τάν
530 798 585 883 δύο
604 803 789 896 βασιλέωι·
820 801 841 882 b
866 807 924 882 καὶ
948 802 1034 882 αὐτὸ
1057 806 1172 904 ῥητῶς
1190 802 1274 904 ‘uir
1291 806 1350 883 καὶ

243 1050 374 1157 'Axos
382 1060 440 1134 καὶ
457 1055 619 1135 Ἡσαΐαν
637 1054 714 1136 υἱὸν
730 1054 851 1154 Ἀμάις
871 1053 1028 1139 καὶτοὺς
1046 1061 1109 1154 τῆς
1130 1059 1346 1162 προφητείας
1360 1098 1389 1131 ιο

249 1178 408 1284 χρόνους,
427 1181 603 1278 βασιλεῦς
621 1185 752 1286 Συρίας
778 1186 797 1262 ὁ
821 1185 860 1262 ἐν
876 1189 1068 1290 Δαμασκῷ
1091 1186 1148 1262 καὶ
1172 1182 1346 1279 βασιλεῦς

248 1303 402 1406 Ἰσραὴλ
421 1307 441 1385 ό
459 1310 497 1385 ἐν
511 1309 687 1413 Σαμαρίᾳ,
702 1309 768 1412 οὐχ
786 1308 807 1385 ὁ
826 1310 863 1386 ἐν
880 1306 1130 1408 Ἰερουσαλὴμ,
1143 1308 1228 1385 ἀλλ’
1244 1308 1264 1384 ὁ
1282 1314 1377 1384 τοῦδ

247 1429 410 1530 πλήθους
446 1440 519 1512 τῶν
553 1435 735 1513 Ἰουδαίων
770 1439 844 1512 τῶν
879 1432 1118 1513 ἀποστάντων
1153 1441 1217 1512 τοῦ
1254 1433 1349 1512 θείου

249 1557 368 1657 νόμου,
387 1558 570 1658 συνθήκας
587 1559 677 1662 πρὸς
695 1558 882 1658 ἀλλήλους
908 1562 1056 1657 θέμενοι,
1074 1558 1156 1643 τοὺς
1182 1558 1251 1638 ὑπὸ
1274 1566 1348 1641 τοῖς

208 1722 239 1768 43
249 1683 425 1790 διαδόχοις
438 1696 518 1766 ε’τοῦ
531 1691 653 1783 bauto
670 1685 969 1784 βασιλευομένους
984 1683 1224 1787 ἐπολιόρκουν.
1254 1686 1370 1766 Tuti-s

247 1845 320 1890 των
348 1813 410 1892 οὖν
438 1811 586 1920 ίοἰμφοΐν
612 1814 678 1913 τήν
705 1814 913 1917 καθαίρεσιν
939 1815 961 1912 ἡ
988 1814 1187 1919 προφητεία
1215 1813 1342 1892 θεσπί-

248 1937 370 2038 ζουσα,
389 1937 515 2022 αῦτοῦς
537 1939 603 2036 μὲν
620 1939 703 2024 τοῦς
729 1942 803 2019 κατ’
824 1943 934 2020 ἐκεῖνο
957 1947 1079 2042 καιροῦ
1096 1938 1287 2022 Ἰουδαίους
1307 1973 1345 2018 τε

248 2068 305 2142 καὶ
323 2065 568 2172 ἀλλοφύλους,
589 2065 679 2146 κατὰ
697 2074 760 2145 τοῦ
779 2074 870 2144 λαοῦ
893 2074 955 2145 τοῦ
974 2071 1069 2146 Θεοῦ
1087 2065 1205 2171 δεξιὰς
1223 2064 1343 2165 ἀλλή·

247 2200 326 2274 λοις
344 2190 550 2282 δεδωκότας,
571 2196 696 2272 αὐτίκα
724 2194 824 2292 μάλα
851 2191 1136 2292 διαλυθήσεσθαι
1164 2195 1222 2271 καὶ
1250 2196 1340 2272 ἀπο·
1400 2223 1406 2232 “

244 2315 423 2421 χωρήσειν
452 2327 516 2398 τοῦ
548 2319 709 2415 πολέμου
742 2321 849 2424 φησί·
879 2319 946 2419 τήν
978 2354 1020 2421 γε
1051 2319 1122 2418 μὴν
1153 2320 1345 2414 βασιλείαν
1356 2352 1388 2386 ¹0

245 2447 384 2524 θαὺτῦν
409 2449 465 2524 καὶ
496 2445 562 2545 τὴν
592 2445 761 2550 διαδοχὴν
788 2453 836 2529 είς
868 2445 910 2526 τὸ
936 2445 1109 2530 παντελὲς
1137 2446 1372 2546 turnicii-e

245 2579 379 2652 σεσθαι
402 2578 459 2652 καὶ
485 2573 837 2673 ἀποσβεσθήσεσθαι
866 2577 922 2653 ἐπὶ
949 2579 1013 2672 τῆς
1037 2583 1101 2652 τοῦ
1117 2579 1342 2679 προφητευσ-

204 2700 352 2798 44μένου
384 2699 459 2805 μεθ’
491 2700 579 2806 ήμῶν
607 2704 693 2781 Θεοῦ
725 2701 909 2802 γενέσεως.
969 2701 1199 2800 Ἐπίστησον
1228 2702 1347 2780 τοίνυν

245 2827 332 2907 πότε
351 2830 372 2926 ἡ
388 2833 643 2927 Δαμασκηνῶν
660 2829 750 2926 ὁμοῦ
767 2831 826 2907 καὶ
844 2828 1024 2906 Ἰουδαίων
1042 2827 1219 2928 κατελύθη
1236 2834 1368 2921 βασι-5

286 2981 361 3050 ομὲν
374 2982 434 3036 add.
451 2982 481 3035 Ρ.
598 2977 658 3036 dir
672 3000 726 3035 om.
743 2983 771 3036 S.
890 2990 902 3020 θ
916 2983 964 3035 τοῦ
979 3000 1033 3036 om.
1050 2981 1078 3036 S.
1195 2976 1297 3052 stppa
1313 2982 1344 3038 P.

246 3069 262 3110 Ι
275 3061 356 3114 αὐτοῦ
370 3061 402 3114 P.

245 3187 370 3263 regibus,
386 3186 498 3244 deserta
518 3198 548 3246 et
568 3190 628 3246 sola
649 3191 747 3247 relicta
767 3199 811 3247 est
824 3190 991 3248 iudaeorum
1011 3199 1096 3260 terra,
1112 3191 1186 3247 sicut
1201 3189 1345 3246 oraculum

245 3269 285 3324 ait
305 3267 440 3334 futurum,
455 3268 560 3334 diceus,
581 3271 762 3344 Relinquetur
780 3281 854 3329 terra
874 3291 890 3328 α
903 3271 983 3346 sucis
1002 3273 1115 3328 duorum
1134 3289 1247 3344 regum:
1270 3271 1345 3344 quod

245 3349 357 3425 quidem
370 3349 461 3424 ipsum
475 3350 560 3407 etiam
582 3351 665 3425 piane
685 3351 853 3410 adverbum
876 3353 915 3410 sic
931 3351 1179 3408 demonstrabitur.
1221 3351 1343 3424 Tempo-

244 3429 322 3487 ribus
343 3429 417 3486 enim
440 3431 516 3504 regis
533 3431 631 3488 Achae
653 3441 683 3490 et
700 3433 791 3491 Esaiae
813 3433 862 3489 filii
881 3431 983 3498 Amos,
1005 3432 1106 3506 quibus
1127 3431 1277 3507 prophetia
1298 3431 1345 3487 illa

244 3512 320 3568 edita
334 3520 386 3576 est,
401 3529 453 3567 rex
468 3510 557 3587 Syriae
573 3513 620 3586 qui
635 3513 779 3575 Damasci,
794 3523 824 3569 et
837 3531 889 3570 rex
905 3513 1001 3577 israel,
1016 3513 1112 3569 nonis
1131 3512 1223 3586 quiin
1239 3511 1345 3568 Hieru-

245 3593 342 3657 salem,
358 3592 408 3648 sed
429 3591 453 3648 is
475 3594 522 3668 qui
545 3593 679 3650 Samariae
700 3594 848 3667 regnabat,
868 3601 897 3649 et
918 3593 1092 3650 multitudini
1104 3592 1280 3656 Judaeorum,
1296 3593 1344 3666 qui

244 3692 261 3730 a
275 3673 369 3730 divina
383 3673 447 3749 lege
462 3674 631 3738 deiecerant,
646 3674 812 3747 imperabat,
827 3673 932 3732 foedere
947 3675 1021 3730 inter
1037 3692 1067 3729 se
1086 3673 1153 3738 icto,
1169 3690 1228 3738 eos,
1243 3673 1345 3746 quibus

244 3753 364 3810 Davidis
385 3773 561 3810 successores
583 3754 770 3828 imperabant,
790 3755 919 3811 obsidere
940 3762 1095 3828 coeperunt.
1141 3753 1236 3810 Hosce
1257 3754 1346 3827 igitur

244 3833 343 3889 ambos
358 3853 443 3908 quum
455 3834 603 3909 prophetia
613 3834 754 3891 tollendos
765 3844 849 3909 atque
861 3834 1028 3892 evertendos
1039 3841 1131 3896 canat,
1141 3836 1218 3908 ipsos
1231 3833 1343 3908 quidem

243 3912 318 3969 iilius
337 3914 471 3988 temporis
488 3914 604 3970 Judaeos
621 3923 650 3971 et
671 3924 814 3978 externos,
834 3915 880 3989 qui
902 3915 1037 3971 adversus
1061 3915 1194 3990 populum
1213 3915 1269 3971 Dei
1290 3913 1344 3970 sibi

245 3993 361 4050 dextras
386 3995 460 4050 inter
484 4013 514 4050 se
539 3995 686 4060 dederant,
709 4015 725 4052 e
749 3997 870 4070 vestigio
895 3995 1091 4052 dissolvendos
1116 4005 1144 4052 et
1169 3994 1344 4051 discessuros

244 4092 262 4129 a
275 4074 349 4131 bello
363 4073 507 4148 praedicit:
530 4093 650 4150 regnum
666 4085 761 4132 tamen
781 4077 849 4133 illud
868 4095 901 4133 uc
920 4077 1127 4134 successionem
1149 4094 1264 4150 prorsus
1284 4075 1344 4130 dis-

245 4154 367 4210 solutum
382 4153 593 4228 extinctumque
608 4156 641 4212 iri
660 4157 712 4213 sub
732 4157 816 4220 illius,
832 4156 867 4213 de
885 4177 941 4231 quo
956 4157 1104 4233 prophetia
1117 4157 1241 4230 loquitur
1255 4155 1343 4211 nobis-

245 4251 304 4288 cum
325 4233 390 4297 Dei,
412 4241 517 4288 ortum.
561 4235 688 4292 Attende
713 4237 800 4310 igitur
822 4237 981 4312 diiigenter.
1006 4257 1061 4312 quo
1085 4247 1213 4310 tempore
1237 4236 1342 4292 Dama·

245 4328 392 4367 scenorum
416 4311 499 4367 simul
522 4331 554 4367 uc
571 4313 733 4370 Judaeorum
759 4317 926 4374 dissolutum
952 4326 996 4374 est
1020 4336 1150 4392 reguum,
1175 4327 1203 4373 et
1229 4317 1342 4391 quaudo
