3144 4720
262 261 327 324 ειι
708 257 894 323 ausuum
1342 263 1508 334 nao-

224 451 250 486 11
264 422 336 497 Καὶ
359 422 407 502 ὡς
425 421 483 498 ἐπὶ
506 429 570 499 τοῦ
591 418 768 524 παρόντος
786 421 927 520 λέγεται
945 415 1000 513 rb,
1022 423 1081 496 siai
1103 412 1256 524 κυριεύσει
1277 411 1364 492 {tibi

261 543 412 640 πολλῶν,
430 546 559 643 ὁμοίως
576 548 635 625 καὶ
653 547 690 625 έν
707 546 848 628 ἐκείνοις
865 544 919 640 rb,
939 549 998 623 nai
1018 544 1117 627 αὐτλς
1136 542 1232 620 ἔσται
1251 574 1359 648 προσ·
1375 577 1405 610 ιο

262 664 360 748 dotia
376 667 474 750 &brba
535 673 607 748 Καὶ
625 669 738 749 πάλιν
755 674 907 748 ἐνταῦθα
925 667 1000 766 μέν,
1020 663 1140 765 iduor,
1153 671 1280 774 φησὶν,
1299 661 1364 758 ἔθνη

262 793 377 896 ἒχθρῶν
396 797 504 892 αὑτοῦ,
525 806 585 875 καὶ
604 799 682 879 ταῖς
701 795 834 884 βολῖσιν
853 795 952 873 amab
978 793 1217 898 κατατοξεύσω
1240 789 1396 897 ἐχθρόνᾱ

261 918 433 1002 ὡσαύτως
461 918 498 998 δέ
526 923 584 999 καὶ
611 923 650 998 ἐν
676 921 817 1000 ἐκείνοις
845 927 882 996 αι’
908 917 1014 1023 χεῖρές
1033 953 1091 998 σου
1110 919 1166 998 ἐπὶ
1191 918 1285 996 νώτου
1301 915 1364 995 rbi

224 1043 380 1152 ιιὲχθρῶν
412 1080 472 1125 σου
504 1044 660 1146 ἐλέγετο.
721 1046 795 1124 Καὶ
825 1043 877 1140 τὸ,
906 1041 1051 1145 σκύμνοι
1083 1045 1214 1128 λέοντος
1241 1037 1362 1130 'utta

262 1169 390 1264 καὶτὸ,
408 1169 586 1250 ιἰνατεσῶν
611 1167 780 1275 ἐκοιμήθης
801 1173 846 1255 ὡς
863 1167 958 1257 λέων,
981 1173 1039 1249 καὶ
1066 1172 1110 1252 ὡς
1134 1166 1293 1270 σκύμνος,
1314 1169 1365 1250 τίς

262 1297 367 1402 ἐγερεῖ
389 1295 497 1386 αιἰτλν,
526 1299 563 1374 έν
587 1297 727 1380 ε’κείνοις
751 1293 940 1397 εέρημένον,
960 1294 1060 1374 οὐδέν
1077 1328 1138 1392 μοι
1162 1297 1260 1373 δοκεῖ
1281 1297 1388 1378 bia-⁵

262 1418 382 1524 φέρειν
405 1425 468 1518 τῆς
493 1419 582 1520 μετὰ
607 1427 727 1524 χεῖρας
745 1420 876 1527 λέξεως
895 1417 1121 1526 φασκοῦσης,
1142 1417 1365 1503 κατακλιθεὶς

262 1546 477 1628 ἀνεπαύσατο
497 1551 542 1632 ὡς
560 1545 652 1638 λέων,
670 1559 730 1628 καὶ
751 1551 795 1632 ὡς
814 1546 972 1651 σκύμνος,
984 1549 1036 1631 τίς
1050 1545 1227 1638 ιἰναστῆσει
1246 1544 1361 1637 αὐτέης

262 1676 389 1752 Ταῦτα
421 1671 459 1750 δέ
491 1669 632 1757 εἰκότως
661 1679 710 1757 εἶς
738 1672 869 1754 ταυτὸν
893 1670 1155 1773 συνηγάγομεν,
1176 1670 1218 1748 ἵν’
1238 1669 1363 1771 ὥσπερ

263 1799 319 1877 ἐπὶ
344 1799 517 1902 στὸματος
536 1794 591 1878 tto
609 1800 775 1904 μαρτύρων
791 1801 854 1895 τῆς
872 1799 909 1875 ἐν
926 1802 1003 1880 ταῖς
1020 1795 1250 1901 προφητείαις
1268 1827 1362 1892 συμ-
1373 1833 1405 1867 ιο

264 1923 399 2026 φονίας
415 1923 438 2020 ἡ
457 1925 537 2023 περὶ
555 1931 619 2001 τοῦ
638 1927 806 2026 Σωτῆρος
820 1923 922 2021 ἡμῶν
939 1919 1119 2026 ἀπόδειξις
1130 1919 1363 2020 βεβαιοτέραν

226 2043 393 2141 Ιεἶ’λιὶβοι
425 2044 492 2144 τὴν
525 2046 693 2150 κύρωσιν.
753 2046 881 2126 Πάντα
910 2049 940 2126 δ’
964 2048 1026 2125 οὖν
1056 2045 1102 2124 τὰ
1131 2053 1179 2129 εἰς
1206 2046 1271 2144 τὴν
1299 2053 1364 2124 τοῦ

262 2169 395 2264 Ἰακὼβ
425 2171 627 2274 πρόρρησιν
657 2169 900 2273 τεθεωρημένα
932 2170 1122 2273 ἁρμόσειεν
1154 2169 1198 2248 ἂν
1226 2174 1283 2249 καὶ
1315 2175 1365 2252 εἷς

262 2293 328 2394 τὴν
350 2304 414 2375 τοῦ
442 2297 608 2396 Βαλαὰμ,
627 2301 690 2394 τῆς
713 2293 919 2396 ὁμοιότητος
936 2303 1009 2376 τῶν
1026 2295 1231 2395 λεγομένων
1249 2297 1359 2374 ἕνεκα.
1370 2331 1404 2393 p.
1412 2311 1480 2390 426

264 2425 309 2498 Ei
334 2419 477 2520 bb⁰obv
501 2424 613 2501 ε’κεΐνα
639 2420 697 2500 διὰ
721 2425 865 2521 πολλῆς
884 2421 1095 2527 ἀποδείξεως
1113 2424 1170 2502 ἐπὶ
1189 2419 1252 2501 τὸν
1275 2418 1359 2519 ἡμέ-

264 2578 375 2647 τερον,
385 2549 537 2647 Σωτῆρα
554 2546 816 2648 πεπληρωμένα
834 2547 1004 2645 συνέστη,
1023 2545 1222 2627 ἀκόλουθον
1244 2545 1289 2625 ἂν
1312 2546 1364 2644 εἴη

265 2669 385 2751 καὶτὰ
402 2671 565 2775 παρόντα
583 2673 784 2772 ὁμολογεῖν.

601 2817 749 2897 urnas.
834 2830 1026 2889 emmau.

266 2963 369 3026 multis,
385 2962 425 3017 sic
446 2962 475 3017 in
495 2960 550 3017 illis
572 2978 683 3035 quoque
703 2959 782 3028 illud,
797 2968 825 3017 et
843 2962 900 3035 ι’ριε
916 2964 969 3017 crit
985 2965 1137 3036 expectatio
1156 2965 1283 3035 gentium.
1325 2959 1364 3016 Et

266 3058 363 3096 rursus
388 3041 434 3096 hic
450 3040 572 3113 quidem,
598 3039 759 3106 Devorabit,
780 3039 881 3114 inquit,
904 3049 995 3115 acates
1011 3043 1178 3098 inimicorum
1195 3059 1313 3106 sumum,
1337 3045 1364 3095 ct

260 3120 364 3187 jaculis
377 3121 433 3175 suis
445 3117 539 3192 feriet
551 3119 709 3175 inimicam:
730 3119 828 3175 inillis
843 3129 937 3177 autem
953 3121 1036 3177 simili
1051 3121 1160 3177 ratione
1173 3120 1243 3178 illud
1256 3119 1363 3177 dictum

267 3205 321 3262 est,
345 3197 451 3255 Mamm
473 3205 527 3254 ενα
550 3200 578 3254 ia
600 3205 675 3271 tergo
696 3199 865 3255 inimicorum
888 3207 1006 3258 tuorum.
1049 3201 1124 3257 Item
1146 3201 1223 3266 illud,
1247 3201 1365 3256 Catutua

268 3279 351 3334 ὶεοιιὶε
363 3277 459 3335 Juda:
482 3286 511 3334 et
524 3277 603 3343 illud,
622 3277 786 3334 Recumbeaa
805 3280 963 3344 dormivisti,
979 3288 1010 3336 at
1030 3281 1071 3338 beo
1089 3288 1115 3337 et
1130 3289 1160 3337 ut
1175 3281 1291 3343 catulus,
1306 3281 1366 3353 quis

268 3359 396 3415 excitabit
419 3359 507 3422 iliam,
530 3358 605 3432 quod
626 3357 655 3413 in
676 3357 732 3413 illio
753 3358 860 3414 dictum
881 3367 934 3423 est,
950 3359 1019 3416 nihil
1039 3360 1109 3416 mihi
1128 3359 1240 3417 differre
1254 3359 1367 3415 videtur

268 3437 303 3494 ab
318 3457 352 3496 eo
367 3438 443 3512 qnod
456 3456 532 3495 nnnc
545 3445 700 3495 tractamus
714 3438 837 3503 oraculo,
852 3439 933 3512 cujus
946 3439 995 3496 illa
1008 3449 1075 3497 sunt
1088 3440 1183 3506 verba.
1198 3440 1366 3496 Recumbens

268 3519 368 3594 quieuit
383 3527 413 3576 ut
432 3520 483 3583 teo,
498 3526 525 3574 et
538 3526 569 3574 ut
583 3519 699 3582 catalus,
714 3520 773 3593 quis
792 3519 920 3576 excitabit
933 3519 1042 3576 iiiam?
1063 3520 1134 3578 Haec
1148 3529 1244 3576 autem
1257 3537 1315 3575 non
1330 3518 1366 3574 ab

178 3638 183 3651 .
220 3639 226 3659 .
268 3616 299 3655 re
313 3617 401 3656 anum
415 3598 552 3655 inlocum
567 3597 765 3672 cotgimus,ut
779 3597 857 3670 quasi
872 3600 899 3654 ia
914 3599 1289 3672 medicamentumque
1304 3617 1366 3672 quae

268 3677 298 3734 in
312 3677 467 3753 prophetiis
481 3684 625 3752 spectatur
644 3675 802 3733 concordia.
821 3677 856 3734 de
878 3675 1026 3736 Salvatore
1044 3687 1143 3736 nostro
1162 3677 1367 3736 demonstratio

268 3757 422 3815 firmiorem
441 3757 560 3832 accipiat
576 3755 787 3814 authoritatem.
831 3755 889 3814 Sed
910 3759 1006 3815 omnia
1027 3777 1200 3833 quaeounqne
1222 3759 1251 3814 in
1267 3757 1365 3813 vatici·

267 3837 346 3898 nium
368 3836 458 3898 Jacob
484 3835 701 3913 contemplanda
725 3835 903 3903 contulimus,
928 3837 994 3894 huic
1017 3839 1087 3896 item
1111 3839 1226 3912 quoda
1250 3837 1367 3894 Balaam

268 3917 376 3976 dietum
400 3925 445 3975 est
469 3915 676 3976 accommodari
702 3923 837 3989 poterunt
860 3926 976 3992 propter
999 3937 1098 3976 eorum
1121 3937 1182 3992 qaae
1205 3918 1369 3975 dictasunt

269 3995 490 4053 similitudinem.
544 3996 629 4065 Quod
652 3995 677 4052 si
702 3994 751 4051 illa
777 3995 806 4052 in
833 4006 933 4054 nostro
962 3997 1109 4056 Salvatore
1137 3997 1278 4072 completa
1304 4014 1368 4054 osae

269 4075 398 4148 ampliori
420 4074 662 4133 demonstratione
685 4082 746 4131 tum
770 4076 906 4142 constitit,
929 4078 1056 4154 sequitur
1077 4079 1137 4155 jam
1163 4087 1195 4135 ut
1218 4076 1369 4152 prasentia

270 4171 382 4228 quoque
396 4153 544 4210 fateamur.
