3108 4708
254 240 340 303 1oos
702 239 888 304 nasson
1332 258 1364 320 p.
1372 251 1494 320 510—

253 438 356 501 σεως,
376 403 433 484 διά
455 439 493 484 τε
517 409 580 504 τῆς
605 407 642 484 ἐν
660 413 733 488 τοῖς
753 406 886 507 πέρασι
907 408 971 503 τῆς
993 403 1195 502 οἰκουμέιης
1213 402 1352 504 ἀνθρώ·

253 565 333 610 πων
359 534 521 632 ἐκλογῆς,
549 527 600 608 ὦν
630 535 666 608 αἱ
692 530 862 625 ’ἐκβάσεις
890 533 1104 634 ὀφθαλμοῖς·
1123 529 1384 632 θεωρούμεναιο

252 654 398 735 πάντων
429 654 473 735 ἂν
501 657 660 755 γε’νοιντο
688 663 761 735 τῶν
791 654 849 734 διὰ
876 664 940 735 τοῦ
967 661 1126 752 larunt
1154 654 1356 755 λεγομένων

201 815 246 864 ¹⁰9
254 783 531 883 παραστατικαί.
586 781 742 881 Πένητες
760 780 798 860 δὲ
816 778 929 860 πάλιν
946 781 1054 878 ἡμεῖς,
1074 779 1135 864 οὓς
1153 778 1245 858 κατὰ
1263 776 1356 858 Θεὸν

253 905 502 1010 πτωχεύοντας
520 908 701 1011 ἐκτρέφον
723 908 744 984 ὁ
767 904 942 1008 σωτήριος
961 905 1071 1006 λόγος
1089 911 1142 1011 τῷ
1167 910 1282 1010 νοητῷ
1299 907 1376 984 καλε

255 1037 391 1138 λογικῷ
418 1031 515 1138 ἄρτῳ
543 1039 619 1114 ταῖς
646 1032 826 1133 ζωοποιοῖς
856 1035 929 1108 τῶν
955 1036 1087 1134 ψυχῶν
1114 1035 1265 1134 τροφοῖς
1293 1027 1357 1126 τὴν

255 1156 396 1236 αἰώνιον
428 1159 512 1256 ἡμῖν
545 1154 689 1260 παρέχει
722 1155 824 1256 ζωήν.
885 1154 955 1235 Διό
989 1161 1104 1260 φησιν
1136 1156 1157 1233 ὁ
1192 1151 1356 1252 vulpis,

256 1283 429 1392 φάγονται
456 1280 588 1374 πένητες
608 1287 668 1361 καὶ
694 1278 996 1385 ε’μπλησθῆσινται,
1019 1287 1079 1359 καὶ
1104 1276 1265 1358 αίνίσινσι
1293 1277 1357 1356 Kti-

257 1445 316 1517 ριον
345 1419 372 1489 οἱ
401 1409 602 1516 ἐκζητοῆντες
630 1403 739 1496 airis,
766 1406 916 1512 ζῆσιιται
946 1414 983 1483 αἱ
1014 1399 1149 1509 ιιαρθίαι
1180 1403 1285 1482 αὐτοῖν
1312 1411 1357 1486 είς
1370 1438 1399 1472 ¹⁰

205 1532 364 1613 ηιαίῷια
387 1531 512 1618 αίῷιις.
575 1535 647 1610 Καὶ
668 1533 688 1609 ὁ
713 1531 881 1630 ἐπίλογος
899 1527 936 1608 δέ
954 1531 1018 1627 τῆς
1037 1528 1124 1626 ὅλης
1141 1529 1359 1632 προφητείας

257 1657 347 1758 μετὰ
375 1655 494 1738 πάντα
523 1655 710 1763 ἐπιφέρων,
739 1655 1016 1758 αναγγιλῆσεται
1050 1663 1097 1760 τῷ
1127 1658 1231 1762 Κυρίῳ
1261 1653 1385 1755 persae

258 1789 276 1878 ri
304 1783 468 1890 ἐρχομένη,
498 1790 556 1861 καὶ
586 1783 818 1883 ιἰναγγελιῦσι
847 1778 899 1873 τῆν
928 1775 1129 1874 θιιιαιισιίνην
1157 1783 1256 1861 αὐτῷ
1282 1790 1360 1887 λαῷ

259 1907 305 2015 τῷ
333 1907 569 2018 τεχθησιμέιιρ,
597 1911 629 1988 ‘ir
657 1909 804 2001 ἐποίησεν
833 1916 847 1988 ί
878 1906 1000 2011 Κιίριις,
1030 1906 1194 2010 ἄντικρυς
1229 1905 1294 1986 τὸν
1318 1906 1363 2013 ἐξ

260 2037 372 2115 ἐθνῶν
389 2034 617 2138 προθεσπίζει
636 2032 736 2130 λαὸν,
756 2036 814 2112 καὶ
831 2032 897 2144 τῆν
915 2031 973 2112 διὰ
990 2041 1055 2112 τοῦ
1075 2038 1242 2135 Σωτῆρος
1260 2034 1380 2132 ῆμῶν5

207 2162 383 2259 ιιιἸησοῦ
400 2164 565 2262 Χριστοῦ
581 2164 777 2238 συστᾶσαν
793 2161 850 2237 ἐπὶ
868 2163 932 2258 τῆς
950 2163 1018 2260 γῆς
1034 2157 1167 2259 γενεάν.
1209 2161 1276 2243 Τίς
1288 2156 1360 2260 γὰρ

260 2283 306 2363 ἂν
331 2285 383 2384 εἵη
409 2288 429 2364 ὁ
454 2284 544 2383 μετὰ
570 2294 683 2365 raim
708 2284 953 2390 τεχθῆσεσθαι
979 2287 1170 2390 λεγόμενος
1199 2293 1252 2394 τῷ
1279 2290 1360 2392 Θεῷ

260 2409 359 2506 λαὸς,
395 2408 510 2491 πάλαι
543 2409 594 2508 μὴ
633 2409 692 2508 ὧν,
725 2411 775 2510 μὴ
812 2415 842 2491 δ’
879 2411 1042 2518 ὑφεστὼς
1078 2416 1116 2492 ἐν
1151 2412 1358 2515 ἀνθρώποις,

263 2534 467 2637 ὕστερονδὲ
486 2536 668 2637 γεγονῶς;
700 2538 754 2619 τίς
772 2571 810 2616 τε
829 2539 870 2636 ’ἡ
888 2537 939 2637 μῆ
962 2539 1055 2618 οὖσα
1076 2537 1167 2634 τότε,
1186 2538 1358 2638 λεγομένη
1369 2577 1399 2610 ιο

262 2660 300 2741 δέ
328 2663 541 2742 ἐλεύσεσθαι
568 2659 683 2762 γενεὰ,
712 2668 741 2740 εἰ
768 2661 818 2762 μῆ
846 2665 936 2761 αὕτη
964 2665 986 2761 ἡ
1015 2662 1072 2743 διὰ
1100 2673 1164 2742 τοῦ
1195 2667 1359 2765 Σωτῆρος

737 2806 809 2878 Yor’r]
827 2806 842 2875 ἡ
858 2807 888 2861 Ρ.

263 2919 350 2975 vitam
365 2927 442 2976 recte
456 2919 609 2984 laetasint,
624 2937 730 2993 quosve
749 2937 895 2976 successus
915 2919 1054 2985 habuerit,
1070 2926 1284 2984 commemorat,
1299 2937 1359 2994 quaa

264 2999 395 3054 universa
418 3016 469 3072 per
496 2999 623 3055 omnium
647 2999 776 3073 gentium
801 2999 979 3055 vocationem
1007 3000 1149 3074 completa
1172 3007 1239 3072 suot
1260 3007 1290 3057 et
1312 3016 1360 3073 per

263 3077 410 3133 hominum
440 3096 476 3133 ex
503 3078 579 3133 orbis
607 3087 747 3134 terrarum
778 3078 882 3135 finibus
910 3080 1088 3144 electionem,
1118 3097 1237 3154 quarum
1268 3097 1361 3136 rerum

264 3164 365 3212 eventa
384 3175 446 3230 quae
469 3156 536 3230 ipsis
559 3159 648 3214 oculis
665 3159 769 3214 intueri
789 3159 864 3224 lieet,
883 3158 964 3216 facile
987 3161 1021 3216 iis
1039 3179 1102 3234 quta
1123 3161 1153 3216 iu
1173 3159 1228 3216 hoe
1251 3160 1361 3216 Psalmo

264 3236 395 3293 dicuntur
416 3237 502 3293 fidem
526 3236 618 3294 faeere
639 3245 768 3312 possunt.
829 3237 882 3296 Per
903 3257 1040 3313 pauperes
1064 3249 1158 3300 autem
1187 3257 1286 3296 rursus
1309 3257 1361 3295 nos

263 3316 406 3392 iutelligit,
421 3335 492 3392 quos
506 3317 536 3374 in
550 3328 714 3392 paupertate
729 3319 882 3376 secundum
892 3320 984 3376 Deum
999 3320 1146 3395 degentes,
1158 3320 1226 3376 dum
1240 3319 1361 3375 salutare

263 3397 380 3453 verbum
395 3395 564 3471 intelligibili
582 3398 766 3472 rationalique
788 3417 872 3474 pane,
886 3397 946 3455 hoo*
955 3408 999 3456 est
1013 3400 1083 3457 oibis
1097 3400 1144 3474 qui
1158 3399 1245 3456 vitam
1260 3397 1360 3456 animis

263 3477 391 3541 afferant,
407 3478 521 3542 enutrit,
536 3478 623 3535 vitam
638 3478 720 3534 nobis
733 3478 853 3553 largitur
868 3487 1013 3536 aeternam.
1049 3481 1094 3536 Ex
1109 3498 1165 3553 quo
1179 3479 1308 3535 Pselmus
1321 3479 1361 3535 ita

263 3557 311 3623 ait,
329 3557 475 3614 Consedert
497 3576 631 3632 pauperes
654 3566 682 3614 et
702 3560 908 3623 saturabuntur,
929 3569 956 3616 et
973 3561 1123 3617 laudabunt
1146 3561 1294 3615 Dominum
1315 3559 1361 3631 qui

262 3638 605 3710 requirunteurn,oivert
627 3639 825 3694 corraeorum
853 3641 881 3694 in
904 3641 1030 3696 surculum
1056 3641 1156 3696 seculi.
1212 3637 1359 3696 Peroratio

262 3735 330 3773 vero
345 3715 432 3773 totius
453 3717 617 3791 prophetiae,
633 3736 695 3791 ηοω
715 3725 782 3792 post
798 3718 891 3776 omnia
911 3719 978 3776 illud
993 3721 1130 3784 continet,
1145 3718 1359 3774 Annuntiobitur

262 3797 382 3854 Domino
401 3801 541 3872 peroratio
559 3804 684 3862 venturo,
706 3804 734 3854 et
753 3799 953 3856 annuntiabunt
965 3797 1106 3872 justitium
1126 3797 1182 3870 ηὀι
1199 3800 1301 3872 populo
1315 3799 1361 3871 qui

247 3885 400 3954 ,naucella
415 3895 493 3952 quem
502 3877 576 3954 seuit
592 3879 732 3943 Dominus,
749 3878 854 3952 absque
868 3880 947 3935 omni
960 3878 1153 3936 commoverem
1167 3878 1300 3952 populum
1324 3877 1359 3933 de

262 3957 395 4028 gentibus
409 3957 558 4015 collectum
573 3957 706 4031 praedicit,
721 3958 961 4033 constitutamque
975 3977 1026 4033 per
1039 3959 1216 4016 salvatorem
1231 3965 1359 4013 nostrum

262 4033 363 4091 lesum
378 4037 524 4096 Christum
545 4038 573 4094 in
595 4045 671 4093 terra
691 4037 919 4113 generationem:
941 4057 1008 4096 nam
1028 4039 1090 4113 quis
1104 4037 1218 4095 tandem
1238 4035 1359 4094 fueritis

261 4115 391 4186 populus,
415 4117 462 4188 qui
490 4127 555 4190 post
584 4117 645 4191 ipsa
670 4116 732 4174 haeo
760 4117 822 4174 Deo
850 4118 959 4175 dicatur
983 4119 1117 4184 oriturus,
1145 4117 1249 4193 quique
1277 4123 1360 4174 autea

262 4191 376 4263 quidem
397 4211 454 4248 non
475 4195 569 4262 suerit,
584 4215 674 4269 neque
696 4197 819 4254 extiterit
837 4197 911 4254 inter
932 4197 1069 4264 homiues,
1084 4207 1184 4272 postea
1197 4215 1265 4254 vero
1286 4197 1357 4253 exti-

262 4269 348 4324 terit?
371 4287 432 4342 quoe
455 4289 541 4342 porro
560 4277 706 4346 generatio
728 4277 883 4351 illaquam
906 4286 973 4334 tuuc
995 4278 1107 4352 quidem
1128 4297 1187 4334 non
1208 4295 1280 4342 esse,
1295 4281 1358 4350 post
