3144 4720
260 231 325 296 sos
457 331 460 338 Δ
707 231 893 296 nusnnu
1341 246 1506 316 p.405-

259 395 392 463 ἔσταιὸ
416 395 569 490 ἐκφοβῶν
591 394 715 478 αι’ντοῦς,
734 395 787 466 ὅτι
811 393 853 465 τὸ
877 394 989 477 στόμα
1015 393 1138 490 Κυρίου
1155 391 1362 490 ’παντοκρά-

260 538 361 604 τορος
378 506 522 590 ε’λόλησε
537 515 655 580 ταῦτα.

236 657 253 707 6
310 637 412 738 Ἤδη
435 643 492 719 καὶ
517 638 690 742 πρότερον
707 649 820 720 ταῦτα
842 640 925 739 ἡμῖν
943 644 990 721 εἷς
1008 637 1090 722 τοῦς
1108 638 1238 723 τθπους
1256 648 1357 721 τεθε-

261 766 403 868 ώρηται.
464 767 648 845 Δέδεικται
678 765 715 845 δὲ
743 766 840 849 ὅπως
867 767 937 844 οῦδ
960 765 1099 844 ἄλλοτέ
1122 801 1210 846 ποτε
1238 765 1260 865 ἢ
1288 765 1393 846 cindd

261 899 333 970 τῶν
351 891 491 996 χρόνων
507 899 571 970 τοῦ
591 897 759 993 Σωτῆρος
779 893 880 990 ἡμῶν
897 894 1021 991 Ἰησοῦ
1038 895 1203 993 Χριστοῦ
1225 899 1272 976 εἷς
1291 897 1356 972 ἁν-

262 1017 426 1119 θριόπους
443 1017 647 1121 ἐπιφανείας
665 1018 710 1096 τὰ
728 1018 843 1098 πάλαι
860 1019 978 1115 σεμνὰ
995 1025 1067 1098 τῶν
1085 1019 1275 1115 Ἰουδαίων,
1295 1018 1361 1121 ὄρη

264 1143 358 1223 Σιὼν
380 1145 639 1242 ἐπικαλούμενοι
666 1147 723 1224 καὶ
741 1143 991 1244 Ἰερουσαλὴμ,
1011 1143 1057 1222 τά
1082 1179 1121 1223 τε
1146 1147 1203 1224 ε’πὶ
1225 1145 1362 1224 τούτων

262 1266 574 1369 οἰκοδομήματαὸ
600 1268 685 1352 νεῶς
710 1271 848 1370 δηλαδὴ
873 1274 931 1350 καὶ
957 1269 999 1351 τὸ
1027 1268 1128 1372 ἅγιον
1152 1277 1224 1350 τῶν
1248 1271 1385 1371 ἁγίωνε

262 1400 320 1477 καὶ
352 1395 394 1474 τὸ
425 1394 683 1498 θυσιαστήριον
716 1401 773 1476 καὶ
801 1396 874 1477 ὅσα
901 1399 1002 1476 ἄλλα
1030 1397 1152 1477 αὐτόθι
1180 1402 1228 1481 εἷς
1255 1395 1361 1496 τιμὴν

263 1524 417 1604 ἀνέκειτο
440 1533 504 1604 τοῦ
522 1530 617 1604 θεοῦ
645 1527 684 1604 ἐκ
709 1526 823 1622 μέσου
846 1527 999 1629 ἀρθέντα
1024 1525 1252 1624 σεσάλευται,
1272 1529 1359 1604 ἀκα·

264 1649 403 1733 λούθως
420 1655 471 1758 τῷ
488 1647 589 1758 λόγῳ
608 1649 779 1755 φήσαντι,
798 1648 864 1732 ἰδοῦ
885 1653 997 1761 Κόρας
1019 1651 1132 1759 Κόρας
1151 1651 1362 1754 ἐντορεῦσαι

265 1776 303 1854 ἑκ
322 1779 376 1855 τοῦ
395 1779 496 1857 τόπου
515 1781 623 1868 αὑτοῦ,
642 1787 701 1858 καὶ
724 1783 962 1872 καταβήσεται
981 1781 1036 1858 ἐπὶ
1056 1779 1102 1857 τα
1122 1773 1196 1880 ὕφη
1214 1776 1270 1871 ric
1283 1777 1361 1879 γῆε,
1376 1817 1405 1852 ¹0

242 1909 325 1988 ικαὶ
349 1901 608 1996 σαλευθήσονται
627 1903 672 1984 τα
691 1907 740 2013 όρη
760 1901 966 1986 ὑποκάτωθεν
986 1907 1094 1983 αὐτοῦ.
1132 1901 1207 1982 Ὧν
1228 1917 1363 1982 σαλευ-

264 2027 406 2123 θέντωυ,
427 2034 498 2106 τιῦυ
517 2032 555 2108 ἐκ
579 2035 772 2132 περιτομῆς
797 2034 833 2108 αἱ
851 2033 979 2134 ψυχαὶ,
999 2028 1161 2112 κοιλάδες
1187 2030 1359 2132 ὀνομαζό·

264 2187 364 2249 μευαι
392 2153 450 2233 διὰ
477 2151 519 2234 τὸ
547 2153 711 2235 ταπεινὸν
740 2157 856 2235 αῦτιῦν
884 2158 1079 2259 παραθέσει
1105 2163 1175 2235 τιῦυ
1198 2163 1363 2236 παλαιῶν

266 2280 482 2386 ῦψωμότωυ,
501 2280 580 2359 Ιτὸν
605 2288 677 2361 τῶν
701 2283 962 2385 προειρημένων
988 2280 1195 2389 ἀφανισμὸν
1223 2285 1359 2362 αἰπολο·

265 2403 470 2509 φυρόμεναι,
485 2409 532 2490 ὡς
547 2407 652 2509 κηρός
666 2407 738 2488 ἀπὸ
755 2409 954 2510 προσώπου
972 2404 1083 2511 πυρῦς
1097 2408 1362 2507 ε’κτακήσονται,
1370 2447 1401 2509 p.
1412 2422 1476 2504 406
1559 2477 1560 2490 ,

265 2533 388 2617 nuidis
409 2535 502 2635 ὕδωρ
520 2533 807 2636 καταφερόμενον
834 2537 870 2612 ἐν
890 2533 1100 2631 καταβάσει,
1119 2531 1177 2612 διὰ
1201 2532 1242 2614 τὸ
1268 2539 1362 2632 πλῆ-
1407 2573 1409 2576 ·

265 2664 327 2742 θος
355 2666 427 2738 τῶν
452 2662 489 2739 ἐν
517 2660 637 2742 αὐταῖς
662 2659 733 2738 ἀπὸ
760 2667 833 2738 τῶν
861 2658 1069 2762 κρειττόνων
1097 2662 1154 2741 ε’πὶ
1180 2659 1226 2738 τῦ
1257 2661 1364 2763 χείρω

482 2853 714 2923 Ιττυντοκριίτορον
729 2853 756 2907 S.
840 2860 852 2892 Ι
866 2853 912 2906 τὸν
925 2852 990 2924 τῶν]
1007 2851 1106 2906 τοῦτον
1120 2853 1149 2908 S.

265 3016 326 3061 auu,
346 3007 373 3054 et
394 3015 447 3055 nou
468 3001 520 3055 erit
540 3001 586 3071 qui
607 2999 742 3055 deterrent
762 3018 825 3056 eos:
847 2999 976 3074 quonium
995 3017 1024 3054 οι
1041 3000 1156 3056 Domini
1176 3001 1365 3076 omnipotentia

267 3079 385 3134 locutum
400 3086 440 3135 eat
454 3079 517 3134 λαυ.
559 3077 623 3134 Jam
639 3088 723 3136 antea
736 3079 798 3136 baso
818 3099 870 3136 suo
890 3079 954 3136 loco
974 3098 1028 3136 nos
1048 3080 1229 3154 contemplati
1245 3099 1362 3138 snmus:

266 3156 314 3212 nbi
329 3158 504 3215 ostendimus
518 3159 754 3238 quemadmodum
768 3179 827 3217 non
841 3161 909 3216 alias
923 3178 1007 3233 quam
1021 3168 1087 3236 post
1097 3161 1249 3217 adrentum
1265 3159 1365 3217 Salvu-

267 3237 337 3293 toris
350 3239 441 3295 nostri
454 3239 523 3296 Jesu
538 3239 645 3296 Christi
667 3240 703 3296 sd
723 3241 862 3305 homines,
878 3259 940 3313 quae
958 3241 1025 3297 olim
1042 3241 1117 3314 apud
1134 3240 1250 3297 Judoeos
1271 3241 1363 3315 digni-

267 3325 354 3375 tatem
379 3320 646 3394 venerationemque
667 3321 819 3385 habebant,
845 3329 1012 3395 montesque
1037 3321 1107 3378 Sion
1132 3329 1162 3377 et
1185 3321 1364 3378 Hierusalem

266 3399 450 3469 vocabuntur,
466 3421 583 3476 quasque
597 3400 626 3458 in
641 3401 675 3457 iis
689 3402 807 3458 aedificia
821 3409 911 3464 erant,
926 3401 1064 3475 templum
1075 3401 1207 3458 videlicet
1221 3411 1364 3458 sanctum-

267 3499 321 3554 que
343 3489 514 3546 sanctorum,
534 3491 618 3556 atque
642 3483 739 3548 altare,
761 3493 845 3556 atque
866 3481 920 3539 ulia
941 3499 1115 3556 quoscunque
1136 3481 1240 3538 ibidem
1262 3482 1290 3538 in
1312 3481 1366 3538 Dei

267 3561 405 3619 honorem
421 3563 549 3619 dedicata
563 3563 682 3627 inerant,
697 3563 733 3618 de
747 3563 840 3619 medio
857 3563 968 3619 sublata
987 3580 1179 3636 concussaque
1200 3570 1276 3626 sunt,
1292 3563 1366 3618 sicut

267 3642 411 3699 oraculum
426 3641 494 3699 illud
507 3643 686 3717 praedixerat,
705 3643 775 3701 Ecce
791 3643 922 3700 Dominus
938 3644 1076 3699 Dominus
1088 3645 1242 3716 egredictur
1256 3645 1289 3698 de
1307 3645 1366 3699 tom

267 3741 325 3787 auo,
340 3731 366 3780 et
380 3725 520 3780 descendet
534 3742 615 3797 super
627 3723 785 3780 altitudines
803 3732 890 3789 terre,
906 3731 931 3780 et
954 3724 1141 3780 concutientur
1156 3730 1257 3780 nrontes
1277 3723 1366 3778 subter

267 3821 309 3866 eo,
330 3803 431 3878 quibus
452 3803 596 3860 concussis
613 3803 777 3860 Judaeorum
802 3803 913 3868 animae,
934 3823 996 3878 quaa
1018 3804 1104 3860 valles
1126 3801 1308 3860 nominantur
1328 3803 1365 3859 ob

268 3883 391 3958 ipsarum
414 3883 599 3942 bumilitatem
623 3883 689 3939 dum
714 3884 813 3957 priscis
837 3885 1031 3940 altitudinibus
1052 3883 1244 3948 conferuntur,
1266 3902 1365 3940 eorum

269 3982 331 4036 quae
353 3980 443 4036 nuper
464 3965 627 4021 dictasunt
650 3964 794 4020 interitum
819 3965 998 4038 deplorantes
1018 3972 1154 4039 tunquam
1171 3983 1235 4021 cera
1255 3983 1272 4020 a
1294 3963 1366 4020 facie

269 4041 343 4116 ignis
356 4042 523 4115 liquescent,
535 4053 564 4101 ct
574 4045 653 4118 quasi
667 4063 740 4118 aqua
753 4065 815 4120 quac
829 4044 955 4102 defertur
969 4045 997 4101 in
1012 4063 1147 4122 praeceps,
1163 4053 1278 4119 propter
1290 4044 1365 4100 mui-

268 4122 417 4178 titudinem
433 4141 529 4180 eorum
545 4125 592 4198 qui
606 4125 635 4181 in
649 4125 704 4182 illis
718 4125 843 4200 quotidie
857 4145 874 4182 a
887 4125 1051 4182 melioribus
1064 4125 1101 4181 ad
1112 4125 1252 4182 deteriora
1265 4125 1366 4181 labun-

268 4210 332 4256 tur:
356 4209 386 4256 et
400 4201 496 4256 omniu
516 4203 578 4259 haec
598 4204 637 4260 ait
658 4206 753 4261 futura
771 4213 888 4279 propter
907 4205 1082 4280 impietatem
1105 4206 1206 4262 domus
1224 4204 1315 4261 Jacob
1337 4211 1367 4259 et

267 4287 383 4352 propter
399 4287 545 4351 peccatum
560 4282 661 4337 domus
675 4283 771 4340 lsrael.
814 4285 952 4352 Qusenam
967 4303 1035 4342 vero
1057 4285 1093 4341 sit
1107 4286 1168 4342 baec
1184 4285 1315 4358 impietus
1336 4293 1366 4340 et
