3144 4720
60 265 191 335 -425.
445 255 672 322 DEMONST.
699 257 869 322 EVANG.
892 258 959 322 IX.
975 278 1004 343 3.
1236 257 1300 319 843

200 417 441 516 εὐλογοῦντες,
460 416 562 526 λάγιρ
583 452 621 498 τε
646 421 704 498 καὶ
728 420 798 526 βίῳ
826 418 1060 515 σεμνύνοντες
1083 415 1148 516 την
1173 415 1302 518 ἀρετὴν

199 551 264 622 τοῦ
292 543 522 640 διδασκάλου,
551 549 615 643 τῆς
641 547 680 624 ἐκ
709 550 804 624 Θεοῦ
835 543 1096 649 μετειλήφασιν
1126 541 1342 641 trinorchium

200 669 368 774 αὔξοντες
388 671 561 773 ὁσημέραι
581 673 639 750 καὶ
658 670 909 771 πληθύνοντες,
929 668 1020 748 κατὰ
1037 667 1090 763 τὸ,
1110 665 1299 774 ιιῦξιίιισθε,

203 803 263 873 καὶ
297 794 502 886 πληθῦιετθε,
538 808 597 876 καὶ
634 799 835 902 πληρώσατε
867 795 920 889 rip
951 794 1024 897 γῆν,
1057 794 1302 906 ἀληθέστερον

199 921 255 1000 ἐπ’
273 921 391 999 αὐτῶν
420 924 477 1001 καὶ
508 921 810 1025 θεοπρεπε’στερον
837 927 901 1020 τῆς
928 923 1023 1004 θείας
1050 916 1330 1017 ἐκτελουμένηςο

149 1143 153 1149 .
201 1051 335 1151 φωνῆς·
366 1051 413 1130 ὡς
430 1046 586 1143 ἔμπαλιν
610 1054 642 1127 oi
664 1047 736 1127 ἀπὸ
753 1047 897 1150 πρώτης
914 1050 978 1144 τῆς
995 1047 1069 1124 κατ’
1090 1045 1198 1123 αὐτοῦ
1220 1045 1295 1122 ἐπι·

199 1176 338 1270 βουλῆς
365 1174 473 1252 εἰσέτι
502 1177 560 1252 καὶ
589 1182 652 1252 νῦν
679 1174 787 1252 αὐτὸν
809 1175 941 1254 ἐντοῖς
965 1173 1083 1249 αὐτῶν
1105 1169 1301 1270 συνεδρίοις

200 1295 385 1399 ἀρώμενοι,
410 1297 476 1397 τὴν
503 1301 542 1378 ἐκ
571 1305 666 1378 Θεοῦ
694 1297 852 1400 κατάραν
880 1297 924 1402 ἐξ
948 1297 1078 1375 ἐκείνου
1106 1297 1164 1374 καὶ
1192 1292 1322 1380 εἰσέτιε

177 1427 305 1526 οδεῦρο
323 1426 406 1504 καθ’
427 1427 560 1504 ἑαυτῶν
578 1420 846 1505 ἐπεσπάσαντο.
897 1421 967 1502 Διὸ
985 1424 1043 1500 καὶ
1059 1419 1125 1518 τὴν
1143 1418 1302 1522 ἐσχάτην

200 1549 244 1627 οῦ
257 1547 367 1646 μόνον
383 1554 444 1648 τῆς
457 1551 648 1644 βασιλείας
666 1548 766 1628 ἀλλὰ
785 1552 843 1628 καὶ
861 1557 925 1628 τοῦ
943 1545 1059 1628 πάλαι
1077 1545 1300 1644 σεμνοτάτου

201 1675 319 1753 αὐτῶν
341 1673 565 1774 άγιάσματος
589 1677 734 1778 ἐρημίαν
752 1708 791 1754 τε
815 1677 873 1753 καὶ
897 1671 1039 1780 φθορὰν
1064 1673 1105 1750 οῦ
1129 1670 1302 1778 παύονται

200 1801 294 1901 8πρὸ
322 1800 525 1905 ὀφθαλμῶν
555 1803 717 1903 ὁρῶντες.
769 1797 902 1906 Ἀξιου
926 1797 965 1879 δὲ
991 1803 1199 1900 παραθεῖναι
1227 1803 1301 1880 τοῖς

200 1923 290 2022 μετά
317 1933 437 2029 χεῖρας
464 1927 530 2024 τὴν
556 1925 646 2030 πρὸς
670 1924 734 2005 τὸν
752 1926 890 2005 Ἰούδαν
914 1933 978 2005 τοῦ
996 1923 1129 2017 Ἰακὼβ
1151 1927 1295 2028 προφη·
1311 1957 1341 1992 10

200 2051 305 2146 τείαν,
344 2049 387 2148 ἣν
423 2054 481 2130 καὶ
518 2049 628 2150 αὐτὴν
663 2047 907 2155 ἐναργέστατα
947 2055 994 2133 είς
1032 2050 1096 2128 τὸν
1132 2048 1326 2151 ἦμέτερουο

203 2180 355 2276 Σοντῆρα
379 2177 588 2281 ἐφαρμόζειν
612 2175 973 2280 προπαρεστήσαμευ,
992 2179 1148 2254 συνιδεῖν
1171 2208 1210 2252 τε
1235 2172 1301 2271 τὴν

164 2303 240 2380 ιοέν
275 2301 450 2403 ἑκατέροις
486 2305 712 2409 συμφωνίαν.
771 2305 837 2385 Ὡς
872 2299 944 2403 γάρ
980 2305 1131 2381 ἐνταῦθα
1167 2299 1300 2402 εἴρηται

201 2425 409 2531 ἐξελεύσεται
438 2427 603 2535 άιθροιπος
631 2431 670 2508 εἰι
699 2431 754 2507 τοῦ
782 2427 976 2532 σπέρματος
999 2430 1111 2516 αὐτοῦ,
1132 2429 1244 2523 δῆλον
1269 2426 1298 2501 δ
1308 2451 1322 2500 ⁵

200 2549 254 2629 ὅτι
280 2559 343 2629 τοῦ
361 2551 502 2648 Ἰακὼβ,
522 2556 633 2637 οὕτως
652 2557 754 2632 κάκεῖ
774 2554 813 2632 ἐκ
842 2555 1001 2645 βλαστοῦ
1027 2551 1077 2630 υἱί
1098 2586 1163 2655 μου
1181 2549 1301 2642 ιἰιίβης

199 2673 317 2776 εἴρητο
343 2678 399 2755 ὑπ’
419 2678 528 2756 αὐτοῦ
548 2687 612 2757 τοῦ
630 2677 763 2771 Ἰακὼβ
780 2677 870 2779 πρὸς
888 2675 952 2756 τὸν
975 2673 1298 2782 προφητευόμενον.

519 2862 534 2894 ι
548 2853 709 2929 cerame]
726 2858 778 2927 ιρι
792 2855 936 2926 runnu
951 2856 983 2911 r.

199 2985 299 3043 virtuti
312 2987 493 3062 preceptorie
507 2988 616 3045 addunt
629 2989 735 3045 cultum
750 3008 783 3047 nc
797 2990 994 3058 reverentiam,
1005 2990 1109 3047 favoris
1124 2989 1296 3047 benedictio·

199 3066 298 3140 nisque
313 3067 414 3124 divinae
428 3069 552 3124 vicissim
573 3069 723 3144 participes
742 3070 810 3126 fecti
831 3079 988 3146 augescunt
1003 3071 1127 3145 quotidie
1148 3090 1182 3127 nc
1200 3070 1295 3126 multi-

198 3147 347 3220 plicantur,
361 3157 460 3222 utpote
475 3167 561 3222 quum
575 3149 604 3205 in
618 3148 686 3224 ipsis
704 3149 799 3206 divine
815 3149 863 3206 ille
876 3169 941 3215 vox,
959 3150 1078 3208 Crescite
1091 3159 1118 3208 et
1131 3151 1295 3224 multiplica·
1340 3162 1392 3202 oen.
1403 3163 1460 3208 mu

198 3230 263 3282 mirri
284 3234 311 3283 et
331 3228 433 3302 replete
454 3237 566 3293 terrum,
588 3239 617 3285 et
635 3229 729 3285 verius
747 3237 776 3286 et
790 3230 853 3286 Deo
873 3231 1086 3287 convenientius
1107 3231 1193 3287 finem
1214 3249 1296 3287 enum

198 3317 405 3380 consequntur:
429 3308 501 3365 sicut
515 3327 532 3365 e
546 3309 696 3375 contrario,
713 3309 761 3383 qui
782 3327 799 3363 n
819 3309 910 3382 primu
930 3309 1065 3366 adversus
1083 3309 1163 3365 illum
1183 3309 1295 3382 conspi-

197 3387 308 3443 ratione
322 3387 407 3444 etinm
422 3407 497 3444 nunc
511 3388 540 3443 in
555 3389 613 3444 suis
631 3388 710 3444 illum
732 3387 859 3444 conciliis
879 3398 1056 3455 execrantur,
1071 3388 1125 3444 Dei
1145 3389 1175 3444 in
1189 3388 1297 3460 seipsos

197 3466 407 3523 execrationem
423 3486 459 3524 ex
474 3467 522 3524 illo
535 3467 564 3524 in
579 3467 656 3524 hunc
670 3485 758 3541 usque
772 3468 847 3524 diem
864 3475 1073 3524 contraxerunt.
1116 3468 1297 3540 Quapropter

196 3563 255 3600 non
275 3546 359 3621 regni
377 3547 479 3613 solum,
496 3548 546 3603 sed
567 3548 652 3604 etium
672 3547 715 3603 sui
737 3546 820 3613 illius,
840 3548 914 3621 quod
932 3548 1041 3604 honore
1062 3547 1140 3603 omni
1161 3565 1194 3602 ec
1215 3565 1294 3603 reve-

196 3625 289 3682 rentie
301 3625 442 3690 colebant,
457 3627 609 3683 sanctuarii
623 3635 777 3684 extremum
795 3627 975 3684 solitudinem
994 3637 1079 3701 utque
1099 3626 1245 3682 interitum
1266 3626 1296 3682 in

196 3705 286 3762 oculis
300 3705 405 3764 habere
419 3717 503 3782 atque
517 3707 620 3763 intueri
634 3727 692 3764 non
712 3707 853 3764 desinunt.
897 3707 966 3764 Non
989 3707 1024 3764 ab
1046 3725 1077 3763 re
1098 3715 1192 3763 nutem
1211 3706 1297 3763 fuerit

196 3784 284 3851 hince,
299 3805 361 3860 ηοω
382 3807 458 3844 nunc
477 3795 641 3853 tractemus,
656 3788 743 3862 ipsius
759 3786 851 3844 Jacob
872 3787 909 3844 ed
922 3788 1027 3845 Judnm
1045 3786 1224 3861 prophetiam
1244 3786 1294 3842 ad·

192 3863 325 3940 jungere,
345 3885 427 3941 quern
450 3867 536 3924 etiam
557 3867 647 3941 ipsum
668 3867 877 3924 evidentissime
902 3867 1042 3926 Salvatori
1063 3877 1162 3922 nostro
1183 3883 1294 3923 necom-

196 3945 305 4002 moderi
323 3947 384 4019 jum
405 3948 671 4010 demonstravimus.
686 3948 925 4022 contemplarique
946 3966 1019 4012 enm.
1033 3965 1096 4020 quae
1116 3946 1146 4001 in
1167 3945 1295 4020 utrisque

196 4032 249 4090 eet,
274 4027 471 4084 concordiem:
505 4027 743 4101 quemadmodum
766 4027 841 4083 enim
866 4028 912 4083 hic
936 4027 1043 4083 dictum
1071 4033 1124 4090 eut,
1146 4027 1295 4101 euredietnr

197 4103 275 4162 λοοιο
295 4107 329 4162 de
348 4109 448 4163 semine
468 4105 533 4178 ejus,
558 4107 658 4180 (ipsine
676 4106 808 4163 videlicet
826 4106 929 4177 Jacob)
947 4106 989 4162 ita
1009 4106 1094 4163 etiem
1109 4105 1167 4163 illic
1186 4106 1292 4162 dictum

196 4191 250 4246 est,
265 4186 298 4241 de
316 4189 436 4258 germine
449 4187 497 4260 fili
511 4188 549 4244 mi
562 4188 715 4249 accendisti,
731 4186 767 4242 nb
780 4185 843 4259 ipso
856 4184 956 4250 Jacob.
971 4186 1007 4242 ed
1024 4203 1089 4244 eum
1108 4185 1143 4243 de
1161 4205 1217 4260 quo
1230 4187 1291 4260 ipse
1332 4205 1386 4244 oen.
1396 4215 1455 4255 429,

195 4264 372 4322 vetioinntur.
416 4265 512 4339 thue
525 4267 555 4323 in
569 4265 700 4340 presenti
715 4265 817 4322 dicitur
833 4265 912 4331 illud,
927 4274 954 4322 et
974 4265 1156 4324 dominabitur
1165 4264 1292 4340 pentibus

723 4370 798 4418 rte
