3108 4708
299 221 384 285 1010
574 217 903 285 FRAGMENTUM
931 217 1119 286 EUSEBII

297 383 479 484 Ἡγοῦμαι
510 391 622 461 ταῦτα
654 381 763 480 μηδὲν
800 379 976 485 διαφέρειν
1008 387 1072 480 τῆς
1106 391 1170 462 τοῦ
1207 383 1410 486 προφήτου

299 509 457 610 θεωρίας·
493 511 541 592 ὡς
569 507 639 610 γὰρ
666 510 687 586 5
714 505 902 613 προφήτης
930 506 1128 586 θάλασσαν
1154 507 1246 608 έοίρα
1279 508 1405 610 μεγά-

299 643 379 732 λην,
408 635 518 716 οὕτως
544 636 564 712 5
593 631 768 726 βασιλεῦς
794 634 909 713 εἰκόνα
940 633 1098 733 πολλήν·
1130 637 1188 712 καί
1215 633 1327 714 πάλιν
1350 639 1407 716 ὡς

299 761 320 837 5
348 758 537 865 προφήτης
566 761 658 862 ἑώρα
688 757 719 837 δ’
747 761 865 861 θηρία,
893 756 983 862 άπερ
1011 759 1209 862 ἑρμηνεύων
1240 759 1402 858 μετέβα-

299 896 364 962 λεν
396 891 444 967 εἰς
477 883 508 964 δ
534 887 734 982 βασιλείας,
762 886 874 970 οὕτως
902 887 921 962 5
953 883 1128 1001 βασιλεῦς
1155 885 1219 970 τοίς
1247 884 1305 965 διδ
1333 895 1404 964 τοῦ

299 1021 437 1113 χρυσοῦ
461 1015 520 1091 καί
543 1013 701 1115 ἀργύρου
727 1014 785 1092 καὶ
803 1020 942 1115 χαλκοῦ
964 1015 1023 1091 καί
1047 1011 1197 1115 σιδήρου
1214 1011 1403 1114 τέσσαρας

298 1139 487 1232 βασιλείας
512 1139 681 1242 ᾐνίττετο·
714 1141 772 1218 καὶ
795 1138 896 1220 αὖθις
921 1142 970 1222 ὡς
993 1141 1014 1217 5
1038 1137 1227 1244 προφήτης
1244 1145 1316 1218 τῶν
1335 1147 1404 1218 τοῦ

300 1263 457 1343 ὑστάτου
483 1265 605 1365 θηρίου
630 1264 787 1366 κεράτων
812 1262 897 1342 δέκα
922 1264 1094 1364 διαίρεσω
1115 1263 1216 1367 έιόρα,
1235 1269 1294 1344 καὶ
1317 1265 1404 1368 τρία,

300 1390 429 1491 κέρατα
449 1391 508 1494 ὑφ’
528 1389 604 1471 ένίις
622 1388 897 1493 συντριβόμενα,
916 1392 975 1469 καί
992 1393 1012 1469 5
1031 1389 1207 1485 βασιλεὺς
1226 1390 1402 1474 ὡσαύτως

299 1518 356 1594 ἐπὶ
383 1523 455 1594 τῶν
482 1517 693 1595 τελευταίων
717 1519 779 1614 τῆς
807 1515 938 1597 εἰκόνος
956 1515 1062 1617 μέρος
1082 1549 1117 1595 τι
1144 1520 1316 1618 σιδηροῦν
1341 1519 1402 1595 καί

299 1641 405 1744 μέρος
433 1641 647 1743 ἀστράκινον
674 1639 824 1742 ἐθεώρει·
861 1643 920 1719 καί
944 1641 1001 1719 ἐπὶ
1025 1643 1163 1726 τούτοις
1187 1645 1235 1726 ὡς
1260 1644 1281 1720 5
1305 1676 1397 1744 προ-

300 1766 418 1872 φήτης
435 1765 524 1864 μετὰ
542 1766 607 1866 τὴν
624 1774 697 1846 τῶν
720 1764 913 1868 τεσσάρων
935 1775 1133 1860 βασιλειῶν
1154 1767 1282 1870 ὅρασιν
1309 1768 1401 1870 έύρα

301 1891 375 1972 υἰὸν
403 1892 594 1994 ἀνθρώπου
621 1891 687 1990 τήν
714 1890 978 1972 κατὰπάντων
1006 1893 1120 1998 ἀρχὴν
1147 1899 1205 1974 καί
1233 1895 1403 2000 ἐξουσίαν

300 2022 359 2098 καὶ
377 2019 569 2112 βασίλειαν
582 2014 842 2122 παρειληφότα,
858 2019 969 2102 οὕτως
987 2025 1045 2099 καί
1064 2022 1085 2099 5
1103 2020 1279 2114 βασιλεὺς
1298 2021 1402 2100 λίθον

300 2143 542 2244 συντρίβοντα
565 2143 631 2242 τὴν
657 2142 773 2223 εἰκόνα
798 2151 924 2224 πᾶσαν
950 2151 1008 2226 καὶ
1033 2150 1222 2249 γινομένην
1247 2155 1296 2232 εἰς
1321 2147 1402 2250 ὅρος

300 2269 392 2369 μέγα
414 2273 472 2348 καί
499 2279 663 2371 πληροῦν
688 2272 887 2351 θάλασσαν
905 2272 1015 2352 ἐδόκει
1035 2276 1133 2376 ὁρᾶν·
1164 2278 1223 2353 καί
1247 2275 1397 2360 εἰκότως·

301 2395 430 2496 ἔπρεπε
454 2392 525 2495 γὰρ
549 2402 601 2500 τῷ
625 2394 689 2491 μὲν
708 2398 922 2504 ήπατημείιερ
939 2403 1020 2501 περὶ
1037 2400 1104 2499 τήν
1121 2410 1185 2480 τοῦ
1203 2403 1284 2496 βίον
1304 2408 1396 2506 φον-

301 2522 432 2600 τασίαυ
459 2528 611 2614 βασιλεῖ
633 2526 689 2600 καί
718 2521 784 2620 τήν
810 2529 883 2602 τῶν
911 2529 1094 2622 αἰσθητῶν
1121 2524 1178 2604 οἶα
1204 2527 1401 2630 χρωμάτων

302 2644 501 2749 ὡραιότητα
533 2649 591 2725 ε’πί
620 2652 764 2752 γραφῆς
797 2650 1023 2747 ἀνακειμένης
1053 2651 1266 2752 θαυμάζοντι
1297 2651 1400 2731 εἰκόνι

302 2773 446 2877 μεγάλῃ
469 2771 533 2851 τὸν
556 2771 702 2852 πάντων
728 2774 927 2875 ἀνθρώπων
952 2775 1148 2878 ἀπεικάζειν
1167 2778 1260 2874 βίον,
1279 2776 1341 2858 τόν
1366 2779 1402 2857 δὲ

302 2899 495 3003 προφήτην
513 2895 577 2975 τὸν
593 2898 712 3006 πολῦν
731 2901 790 2978 καὶ
809 2900 922 3000 μέγαν
939 2899 1059 2980 σάλον
1077 2913 1141 2982 τοῦ
1158 2904 1241 2998 βίον
1261 2902 1402 3006 μεγάλῃ

304 3024 480 3127 θαλάσσῃ
504 3023 770 3125 παραβάλλειν·
804 3030 937 3132 καὶτῷ
961 3025 1026 3123 μέν
1051 3037 1203 3122 βασιλεῖ
1221 3029 1285 3112 τὰς
1305 3029 1403 3132 παρὰ

303 3149 503 3250 ἀνθρώποις
524 3157 733 3232 πολυτελεῖς
757 3155 949 3252 γενομείιας
978 3157 1067 3238 ὕλας
1090 3165 1229 3259 χρυσοῦ
1257 3161 1314 3235 καί
1341 3160 1403 3259 ἀρ-

304 3276 415 3379 γύρου
452 3284 590 3380 χαλκοῦ
626 3308 664 3356 τε
702 3280 760 3356 καί
794 3277 944 3381 σιδήρου
976 3280 1187 3383 θαυμάζοντι
1216 3281 1281 3365 τὰς
1314 3281 1403 3360 κατὰ

304 3403 454 3509 χρόνους
476 3404 514 3481 έν
538 3407 589 3508 τῷ
607 3403 676 3509 βίῳ
695 3409 767 3482 τῶν
786 3406 984 3506 ἀνθρώπων
1003 3408 1198 3508 ε’πικρατεῖς
1215 3409 1403 3502 βασιλείας

304 3531 448 3612 τούτοις
476 3532 674 3633 ἀφομοιοῦν
697 3537 773 3612 ταῖς
793 3531 904 3627 ὕλαις,
923 3537 974 3637 τῷ
1000 3532 1038 3610 δὲ
1062 3535 1231 3640 προφήτῃ
1257 3537 1294 3612 ἐν
1317 3568 1398 3634 μορ·

305 3663 391 3762 φαῖς
416 3654 547 3754 θηρίων
573 3651 636 3734 τὰς
664 3653 772 3738 αὐτὰς
796 3658 985 3750 βασιλείας
1011 3657 1250 3758 καταλλήλας
1274 3666 1324 3767 τῷ
1342 3665 1403 3758 τῆς

306 3786 418 3886 ἀρχῆς
436 3778 558 3886 τρόπῳ
577 3779 854 3885 διαγράφεσθαι·
886 3787 943 3863 καὶ
968 3785 1080 3864 πάλιν
1099 3792 1150 3892 τῷ
1168 3785 1234 3883 μέν
1257 3793 1407 3879 βασιλεῖ

304 3909 398 4008 μέγα
424 3910 472 3990 ὡς
490 3904 582 3989 εἰκὸς
607 3908 662 4010 ἔφ’
683 3908 797 4014 ἑαυτῷ
819 3916 1009 4013 φρονοῦντι
1037 3915 1094 3991 καί
1120 3913 1402 4017 ἀλαζονευομένῳ

305 4036 363 4110 ε’πί
380 4041 424 4135 τῇ
443 4038 515 4111 τῶν
534 4031 721 4133 προγόνων
740 4037 913 4140 βασιλείᾳ
930 4037 953 4134 ή
972 4043 1043 4114 τῶν
1062 4038 1284 4138 πραγμάτων
1301 4070 1402 4132 μετα-

305 4157 401 4252 βολὴ
434 4159 615 4250 δείκνυται,
639 4162 696 4235 καὶ
725 4166 797 4237 τῶν
825 4162 881 4240 ε’πί
907 4165 974 4261 γῆς
1001 4170 1198 4256 βασιλειῶν
1226 4161 1404 4252 τὸτέλος,
