3130 4722
257 261 320 326 750
702 251 892 318 EUSEBII
1332 275 1363 335 p.
1375 251 1454 334 376
1465 284 1518 296 -

256 418 314 497 καὶ
343 413 618 518 ιςτιροσεκυνεῖτο
648 410 739 515 πρὸς
769 419 841 491 τῶν
870 413 994 491 ἑαυτοῦ
1024 416 1194 509 μαθητῶν
1226 443 1264 488 τε
1298 411 1401 487 rabo

256 541 485 638 ἀποστόλων,
504 540 564 624 οὓς
583 543 641 620 καὶ
666 535 845 644 ἀδελφοὺς
863 542 1058 619 ἀποκαλεῖν
1080 538 1143 617 οὐκ
1166 531 1277 632 ὤκνει,
1297 533 1357 614 διὰ

256 669 321 768 μὲν
344 677 407 749 τοῦ
433 674 593 765 Ψαλμοῦ
619 665 746 767 λέγων,
761 663 983 768 Ἀπαγγελιῖ
1005 662 1041 745 ri
1071 664 1175 770 όνιμά
1202 700 1261 743 σου
1287 667 1357 747 τοῖς

256 793 423 902 άδελφιῖε
455 832 533 901 μου,
563 796 593 874 ἑν
623 790 719 900 με’σῳ
751 793 939 886 ἐκκλησίαις
969 792 1100 895 ὑμνήσω
1129 824 1180 880 σε,
1208 796 1285 872 ταῖς
1316 787 1356 867 δὲ

255 925 351 1027 ἀμφὶ
378 921 443 1020 τὴν
463 919 629 1023 1Μαρίαν
655 917 894 1022 προστάττων
921 917 1279 1020 εὐαγγελιζεσθαι’
1237 921 1401 998 αυτοῖςῐε

256 1052 304 1133 ὡς
322 1051 525 1153 άδελφοῖς,’
528 1049 796 1203 Απαγμείλατε,
810 1044 882 1148 γάρ
902 1049 1073 1152 φησι,”
1021 1082 1088 1130 τοις
1107 1039 1271 1150 ἀδελφοῖς
1289 1075 1399 1148 μιυρ
1390 1069 1495 1139 377

257 1173 304 1252 ἰ’τι
322 1170 503 1279 άνερχιμαι
526 1208 608 1281 προς
625 1175 676 1254 riu
693 1207 830 1278 πατεριι
847 1209 924 1277 μου,
946 1177 1006 1251 sui
1027 1169 1160 1278 πατέρα
1177 1168 1274 1273 ὑμεῖν,
1294 1175 1354 1248 acl

218 1301 341 1388 εοΘεόν
359 1335 435 1405 μου,
456 1305 515 1379 aul
536 1301 653 1380 Θεον
638 1299 736 1402 ημαῖν.
795 1301 904 1378 Ουτω
920 1297 1069 1396 δῆτα’
1027 1294 1135 1376 αυτόν
1152 1330 1184 1374 οι
1174 1296 1355 1399 ἀδελφοὶ

257 1426 304 1506 τὰ
320 1422 385 1525 μὲν
402 1431 528 1526 πρῶτα
549 1426 607 1504 ἐπὶ
624 1432 698 1510 τοῖς
715 1425 934 1531 παραδόξοις
951 1427 1000 1507 ὡς
1017 1420 1218 1520 θαυμάσιον
1242 1422 1378 1523 ἄνδρας

257 1551 368 1651 μόνον
392 1551 554 1656 ἐπῄνουν,
573 1551 634 1630 ἕνα
659 1551 748 1649 τινὰ,
767 1555 815 1636 ὡς
833 1549 932 1648 εἰκός,
953 1556 1023 1628 τῶν
1046 1554 1244 1654 προφητῶν
1267 1544 1355 1626 εἶναι

259 1675 504 1782 ὑπειληφότες·
549 1679 623 1756 ἐπεὶ
656 1675 694 1757 δὲ
725 1678 763 1756 ἐν
795 1681 847 1784 τῷ
875 1674 1010 1782 μεταξὺ
1042 1673 1107 1758 τὰς
1136 1675 1356 1776 θαυμασίους

256 1803 557 1908 παραδοξοτοιάις
576 1805 684 1882 αὐτοῦ
709 1805 868 1906 ὁρῶντες,
887 1803 946 1880 καὶ
972 1804 1019 1884 ὡς
1037 1805 1205 1878 καθεῖλεν
1228 1799 1356 1904 ἐχθρόν

257 1963 296 2008 τε
314 1931 373 2008 καὶ
394 1927 588 2029 ἐκδικητὴν,
607 1928 698 2008 ωτόν
716 1963 754 2008 τε
777 1926 931 2008 θάνατον
955 1925 1112 2030 ἄρχοντα
1138 1935 1203 2006 τοῦ
1230 1932 1355 2010 αἰῶνος
1367 1961 1401 1995 ¹⁰

256 2053 394 2154 τούτου,
408 2053 482 2152 ἅμα
499 2063 576 2139 ταῖς
594 2061 737 2138 λοιπαῖς
755 2053 916 2158 ἀοράτως
935 2055 994 2132 καὶ
1012 2056 1154 2158 ἐχθραῖς
1173 2052 1388 2152 δυνάμεσαο

257 2180 300 2261 τό
323 2179 485 2280 τηνικάδε
504 2180 599 2260 θεὸν
618 2178 725 2260 αὐτὸν
743 2176 830 2260 εἶναι
851 2179 1110 2264 πιστεύσαντες
1127 2179 1349 2282 προσεκύνη-

218 2331 342 2388 σοσαν.
402 2312 449 2387 Αἱ
468 2306 506 2386 δὲ
523 2313 636 2411 χεῖρες
654 2314 718 2386 τοῦ
737 2311 904 2408 Σωτῆρος
921 2307 1022 2406 ἡμῶν
1043 2305 1135 2385 κατὰ
1153 2307 1265 2386 νώτου
1281 2312 1355 2386 τῶν

256 2436 394 2536 ἐχθροῖν
422 2432 529 2512 αὐτοῦ
557 2433 724 2534 ἐγίνοντο,
750 2431 808 2512 ὅτε
834 2431 957 2515 πάσας
984 2430 1048 2514 τὰς
1073 2430 1221 2538 πράξεις
1248 2433 1379 2510 αὐτοῦς

256 2557 320 2643 τάς
337 2591 376 2638 τε
395 2556 558 2656 δυνάμεις
575 2561 635 2638 καὶ
659 2557 961 2664 παραδοξσποιῖας
979 2561 1035 2638 ε’πῖ
1058 2558 1261 2661 καθαιρέσει
1282 2563 1356 2636 τῶν

257 2683 427 2798 δαιμόνων
445 2688 504 2765 καὶ
521 2691 593 2764 τῶν
610 2691 777 2787 πονηρῶν
794 2683 1005 2784 πνευμάτων
1023 2688 1183 2764 ἐποιεῖτο.
1232 2682 1356 2764 Ἀλλά

276 2833 315 2973 ὀὶ
328 2837 512 2973 apparuerim]
529 2841 714 2911 προσεκυνεῖτο
729 2840 759 2895 Ρ.
830 2834 973 2912 ῙΜαριδμ]
989 2839 1083 2912 μυρίον
1097 2840 1129 2894 P.
1211 2847 1236 2879 ¹²¹
1249 2840 1294 2893 τόν
1306 2837 1351 2910 γε]

259 2940 275 2972 r
291 2939 348 2973 ντε
387 2961 393 2974 .

259 3038 350 3102 batur,
365 3046 395 3094 et
409 3039 579 3097 adorabatur
597 3059 615 3096 a
631 3040 690 3096 suis
704 3039 848 3115 discipulis
862 3047 890 3098 et
904 3041 1050 3116 apostolis,
1065 3059 1135 3115 quoa
1149 3041 1234 3098 etiam
1254 3040 1354 3096 batres

162 3165 168 3189 ‚
259 3135 361 3174 vocare
376 3137 433 3175 non
448 3129 582 3193 gravmus
596 3129 650 3187 est,
665 3121 733 3177 dum
749 3120 777 3178 in
791 3121 904 3178 Psalmo
917 3121 959 3178 sic
973 3121 1050 3186 dicit,
1066 3119 1245 3179 Αοουαιὶοδο
1261 3137 1355 3176 nomeu

261 3205 337 3254 tuum
343 3196 482 3272 frutdbus
496 3201 569 3267 meis,
584 3202 612 3256 iu
626 3203 713 3258 medio
727 3203 843 3258 ecclesio
857 3202 972 3258 Ιαυθοόο
987 3209 1021 3259 te.
1056 3202 1133 3258 Dum
1146 3209 1241 3258 autem
1256 3199 1355 3258 Maris

260 3285 289 3336 et
302 3277 416 3353 reliquis
436 3279 599 3337 mulieribus
620 3280 750 3356 imperat,
765 3288 797 3338 ut
816 3300 878 3356 qum
896 3281 973 3338 bona
985 3281 1108 3339 viderint
1120 3282 1262 3346 nuntient,
1277 3280 1355 3355 quasi

170 3401 175 3418 .
212 3403 218 3426 ,
259 3358 394 3418 fratribus
420 3360 548 3417 nunciari
576 3361 705 3436 imperat,
729 3361 876 3426 Nuuciute,
899 3361 999 3436 inquit,
1019 3362 1162 3436 frutribus
1186 3364 1261 3430 meis,
1284 3362 1356 3436 quud
1420 3375 1423 3379 ·

259 3442 372 3499 uaccadu
393 3443 430 3497 ud
449 3450 557 3516 putrem
578 3459 675 3506 meum,
690 3450 717 3498 et
734 3451 841 3516 patrem
861 3450 989 3507 vestram,
1003 3444 1093 3499 Deum
1112 3460 1209 3510 ηιευιπ,
1225 3450 1251 3498 et
1264 3441 1354 3498 Deum

259 3530 382 3579 vestrum.
424 3520 472 3578 Sic
486 3541 553 3579 sane
567 3521 645 3578 illum
662 3521 764 3580 fratrea
783 3523 980 3580 miraculorum
1001 3523 1094 3598 gratia
1112 3531 1246 3596 tanquam
1265 3521 1353 3578 admi·

258 3602 375 3660 rabilem
390 3601 482 3660 virum
504 3603 652 3660 dumtaxat
672 3603 708 3660 ab
729 3603 810 3660 initio
830 3603 990 3668 laudabant,
1006 3604 1108 3678 quippe
1127 3603 1174 3676 qui
1196 3622 1282 3659 unum
1302 3600 1370 3657 uli·¹

259 3702 343 3758 quem
357 3683 393 3741 de
407 3682 562 3758 prophetis,
577 3691 609 3740 ut
622 3682 774 3740 verisimile
791 3690 844 3750 est,
859 3683 937 3740 illum
959 3703 1021 3740 essc
1036 3685 1254 3760 suspicarentur.
1297 3681 1355 3739 Sed

259 3764 307 3821 ubi
327 3763 440 3822 interim
462 3763 640 3820 admirabiles
658 3772 688 3821 et
708 3782 822 3821 omnem
843 3764 929 3821 fidem
950 3771 1115 3838 superantes
1135 3763 1210 3820 illius
1230 3762 1354 3820 actiones

259 3844 412 3912 intuentur,
427 3853 457 3902 et
470 3843 708 3920 quemadmodum
722 3843 866 3901 inimicum
886 3852 915 3901 et
933 3843 1056 3901 ultorem
1070 3852 1248 3917 mortemque
1261 3840 1355 3898 saeculi

259 3924 343 3999 hujus
358 3925 500 3982 dominam
516 3944 572 3982 una
586 3942 650 3981 cum
664 3923 779 3998 reliquis
792 3923 978 3982 invisibilibus
992 3932 1022 3980 et
1035 3923 1155 3980 inimicia
1168 3923 1355 3997 potestatibus

208 3997 212 4005 ’
258 4002 428 4070 sustulisset,
457 4005 517 4062 turri
545 4023 613 4062 vero
641 4005 734 4061 Deum
766 4004 845 4062 illum
876 4023 938 4061 esse
968 4004 1116 4062 credentes
1142 4003 1353 4060 adoraverunt:
1438 4011 1442 4018 '

258 4101 359 4139 manus
381 4093 475 4141 autern
495 4085 650 4142 Salvatoris
666 4085 758 4142 nostri
780 4086 809 4141 in
828 4093 912 4159 tergo
933 4085 1111 4141 inimieorum
1133 4102 1249 4141 suorum
1267 4083 1354 4147 suere,

258 4180 314 4234 quo
328 4170 456 4237 tempore
470 4164 600 4220 videlicet
613 4182 712 4221 omnes
732 4165 857 4222 actiones
876 4183 940 4221 suas
955 4173 985 4221 et
999 4164 1117 4221 virtutes
1138 4172 1168 4221 et
1187 4171 1270 4238 gesta
1289 4181 1354 4237 pro·

258 4237 369 4310 digiosa
399 4239 435 4293 ad
466 4240 602 4296 delendos
636 4242 780 4298 daemones
813 4253 842 4300 et
872 4244 1013 4335 malignos
1040 4243 1154 4316 spiritus
1182 4243 1354 4300 intendebat.

258 4315 422 4383 Quinetiam
450 4334 534 4386 quum
563 4335 662 4372 manus
690 4338 755 4375 auus
783 4322 992 4393 expandisset
985 4341 1014 4377 ια
1039 4341 1131 4386 οτυοο,
1157 4331 1218 4379 tum
1245 4341 1357 4396 quoque
