3130 4722
43 278 177 346 -377·
413 268 641 333 DEMONST.
665 268 835 334 EVANG.
860 268 960 332 VIII.
979 289 1005 332 1.
1231 271 1291 335 751

189 432 249 506 καὶ
273 430 426 529 ὁπηνίκα
449 431 641 537 ἐξεπετασε
660 432 723 517 τὰς
742 425 861 536 χεῖρας
880 433 988 511 αὑτοῦ
1013 433 1070 511 ἐπὶ
1087 439 1152 510 τοῦ
1175 464 1288 510 orav-

188 563 265 657 ροῦ,
283 560 341 635 καὶ
368 560 479 641 οὕτως
504 563 540 636 αἶ
559 565 672 662 χεῖρες
691 560 798 638 αὑτοῦ
824 556 1032 663 φευγόντων
1057 565 1129 636 τῶν
1157 560 1293 661 ἐχθρῶν

189 685 248 760 καὶ
278 680 325 760 τὰ
354 688 450 762 νῶτα
480 685 790 788 παραχωρούντων
823 686 919 791 αὐτῷ
952 684 1043 764 κατὰ
1075 684 1188 765 νώτου
1221 691 1292 764 τῶν
1304 723 1334 756 ιο

189 809 326 913 ἐχθρῶν
353 811 522 911 ἐγίνοντο,
542 815 600 890 καὶ
626 817 772 910 μᾶλλον
799 810 857 891 ὅτε
882 809 924 889 τὸ
950 819 1089 908 πνεῦμα
1112 810 1292 913 παραδοὺς
1357 836 1359 844 ’

190 939 242 1040 τῷ
268 938 378 1038 πατρὶ
407 936 567 1040 ἄσαρκος
595 940 653 1015 καὶ
682 934 816 1038 γυμνὸς
844 937 886 1016 οὗ
913 936 1096 1042 ἀνειλήφει
1123 938 1317 1037 σῶμαποςο

191 1062 250 1140 ἐπὶ
273 1058 315 1139 τὸ
340 1068 413 1141 τῶν
438 1063 575 1167 ἐχθρῶν
604 1061 723 1168 κατῄει
751 1065 891 1167 χωρίον,
909 1063 1066 1168 αὐτοζωῆ
1094 1063 1293 1170 τυγχάνων,

191 1185 345 1268 θάνατον
358 1189 599 1270 ”ravantum
617 1196 676 1270 καὶ
693 1188 757 1276 τὰς
775 1192 1058 1288 ἐπανισταμένας
1076 1194 1171 1299 αὐτῷ
1188 1192 1292 1271 δυνά-

191 1347 277 1411 μεις,
297 1313 339 1399 ἃς
365 1314 456 1400 εἶκὸς
478 1319 553 1397 κατ’
574 1318 687 1423 ἀρχὰς
705 1317 769 1417 μέν
793 1316 911 1398 κοινὸν
936 1319 1126 1421 ἄνθρωπον
1145 1321 1202 1398 καὶ
1220 1327 1314 1403 rotis

191 1446 344 1522 πολλοῖς·
369 1438 491 1537 ὅμοιον
518 1440 626 1520 αὐτὸν
653 1442 896 1546 ὑπειληφέναι,
920 1443 1013 1521 οὕτω
1041 1475 1081 1520 τε
1108 1448 1292 1521 κυκλῶσαι

191 1565 298 1656 αὐτὸν
317 1570 375 1646 καὶ
393 1570 442 1652 ὡς
459 1565 505 1646 ἂν
520 1573 570 1674 τῷ
588 1566 731 1672 τυχόντι
750 1570 966 1675 ἐφορμῆσαι,
980 1569 1054 1648 ἐπεὶ
1073 1565 1110 1646 δέ
1129 1567 1293 1670 ἔγνωσαν

192 1691 373 1794 κρείττονα
400 1691 422 1792 ῆ
451 1695 525 1773 κατ’
546 1693 737 1796 ἄνθρωπον
764 1699 821 1776 καὶ
851 1693 1029 1797 θειοτέραν
1057 1693 1181 1799 φύσιν,
1199 1728 1289 1795 τρα-

192 1823 302 1916 πῆναι
330 1821 389 1898 καὶ
416 1818 463 1897 τὰ
491 1827 586 1898 νῶτα
611 1824 874 1925 παραχωρῆσαι
903 1822 1009 1927 αὐτῷ,
1040 1821 1120 1899 καθ’
1151 1818 1201 1900 ῶν
1227 1820 1292 1906 τὰς
1303 1858 1332 1892 10

192 1950 313 2048 χεῖρας
330 1947 433 2050 ἀφεὶς
450 1952 522 2028 τοῖς
541 1945 670 2029 ἐνθέοις
695 1947 803 2025 αὐτοῦ
831 1949 888 2025 καὶ
913 1944 1137 2044 ἠκονημένας
1162 1947 1293 2040 βέλεσι

194 2068 395 2175 φειίγοντας
412 2072 576 2170 ἤλαυνεν,
595 2075 643 2156 ὡς
661 2069 719 2150 διὰ
739 2080 842 2151 τοῦτο
861 2075 1033 2173 εἰρῆσθαι,
1053 2083 1090 2152 αι’
1109 2071 1216 2179 χεῖρές
1235 2110 1294 2154 σου

155 2197 251 2275 artat
276 2197 371 2276 ιάτιυ
388 2198 450 2278 τῶν
469 2196 584 2306 ἐχθρῶν
602 2201 672 2276 oni.
732 2203 778 2277 Ei
804 2197 841 2278 δέ
867 2200 925 2277 καὶ
950 2198 1059 2281 εἰσέτι
1086 2208 1149 2279 νῦν
1177 2202 1294 2301 μυρίοι

194 2331 258 2402 τοῦ
283 2327 449 2425 Σωτῆρος
476 2325 576 2422 ἡμῶν
604 2325 725 2428 ἐχθροὶ
752 2323 819 2422 τῆν
846 2326 1042 2423 ἐκκλησίαν
1068 2328 1177 2406 αὐτοῦ
1202 2327 1322 2406 sarad

195 2447 336 2551 καιροὺς
353 2457 521 2548 πολεμεῖν
538 2451 786 2554 ἐπιχειροῦσιν,
800 2448 901 2529 ἀλλὰ
919 2453 976 2530 καὶ
994 2450 1139 2534 τούτους
1152 2451 1293 2558 ἀοράτῳ

195 2580 285 2680 χειρὶ
309 2578 368 2655 καὶ
395 2576 501 2682 ἐνθέῳ
528 2572 673 2673 δυνάμει
695 2583 897 2677 τροποῦται,
917 2578 965 2658 ὡς
992 2578 1153 2678 καὶπερὶ
1178 2577 1294 2654 αι’πῶν

195 2705 358 2802 εἰρῆσθαι
392 2699 444 2798 τὸ,
474 2711 513 2781 οἱ
544 2698 649 2808 χεῖράς
682 2735 740 2779 σιν
773 2702 827 2780 ἐπὶ
862 2701 956 2781 νῶτον
985 2699 1045 2779 τῶν
1076 2697 1192 2801 ἐχθρῶν
1220 2730 1317 2796 roms

154 2841 186 2892 ⁶²
195 2825 343 2926 Ἐπειδὴ
368 2827 405 2907 δέ
430 2828 498 2929 ἤδη
524 2825 653 2906 λοιπὸν
677 2824 724 2904 τὰ
748 2823 839 2904 κατὰ
861 2832 934 2904 τῶν
954 2828 1092 2930 ἐχθρῶν
1114 2820 1296 2924 νικητήρια

625 2997 641 3027 ¹¹
655 2987 830 3042 καταλύσσων
844 2987 874 3043 S.

196 3134 299 3174 manus
317 3117 387 3192 ejus,
402 3115 576 3190 fugientibus
597 3115 718 3172 inimicis
739 3123 769 3172 et
784 3114 877 3173 eidem
899 3122 981 3190 terga
1002 3115 1143 3181 dantibus,
1164 3116 1192 3172 in
1213 3123 1297 3191 tergo

196 3196 374 3254 inimicorum
396 3196 518 3260 suerunt,
538 3195 685 3271 meffl'sque
706 3195 790 3252 etiam
811 3213 896 3270 qnum
919 3196 993 3269 patri
1013 3196 1125 3254 reddito
1145 3196 1253 3272 spiritu,
1269 3204 1298 3253 et

197 3296 256 3333 suae
270 3277 362 3334 carnis
376 3295 487 3350 expers,
502 3284 532 3333 et
545 3294 580 3333 eo
595 3275 671 3350 quod
691 3284 882 3350 assumpserat
895 3295 1013 3350 corpore
1028 3277 1159 3341 nudatus,
1174 3275 1220 3352 qui
1236 3277 1298 3352 ipsa

196 3357 256 3414 vita
269 3367 339 3424 erat,
355 3357 391 3415 ad
404 3357 468 3414 loca
480 3356 658 3414 inimicorum
674 3355 828 3420 descendit.
838 3365 870 3414 ut
880 3365 910 3413 et
924 3364 1044 3412 mortem
1058 3365 1088 3413 et
1100 3356 1221 3430 reliquas
1235 3375 1297 3431 quae

197 3437 333 3495 adversos
346 3438 437 3512 ipsum
453 3445 634 3494 surrexerant
651 3444 806 3510 potestates
825 3437 990 3512 dissiparet:
1013 3455 1083 3510 quas
1097 3436 1210 3510 quidem
1226 3436 1297 3494 veri-

198 3517 289 3574 simile
303 3526 348 3575 est
365 3535 546 3575 communem
565 3517 706 3592 quendam
727 3517 872 3574 bominem
893 3536 926 3573 ao
947 3516 1060 3590 reliquis
1081 3515 1201 3572 similem
1221 3523 1298 3571 ratas

188 3615 261 3655 -esse
274 3598 364 3667 illum,
379 3599 474 3672 itaque
494 3597 600 3654 circum
621 3597 742 3654 eundem
764 3597 885 3661 stetisse,
899 3605 930 3653 et
943 3595 1022 3670 quasi
1041 3614 1127 3653 unum
1149 3595 1185 3651 de
1201 3594 1298 3652 miultis

198 3678 322 3744 adortae,
339 3689 422 3753 atque
443 3678 491 3735 ubi
512 3677 738 3753 prestantiorem
756 3677 925 3752 agnoverint
946 3695 1030 3751 quam
1049 3683 1081 3734 ut
1096 3676 1182 3734 homo
1201 3674 1297 3732 existi·

197 3759 269 3814 mari
282 3767 389 3832 posset.
404 3778 438 3816 ao
453 3757 583 3816 diviniori
598 3765 699 3814 natura
712 3758 871 3832 preditum.
886 3766 915 3814 et
929 3776 1080 3815 conversas
1097 3775 1159 3814 esse
1174 3763 1203 3814 et
1216 3764 1299 3830 terga

196 3837 237 3895 illi
262 3839 381 3904 dedisse,
407 3847 506 3896 contra
531 3855 600 3912 quas
627 3837 761 3894 immissis
789 3838 918 3895 menibus
941 3838 1043 3896 divinis
1069 3838 1126 3894 suis
1151 3845 1181 3893 et
1208 3836 1298 3892 acutis

196 3918 310 3994 sagittis
334 3920 476 3994 fugientes
500 3917 606 3992 exegit,
630 3927 662 3975 ut
689 3927 839 3992 propterea
865 3918 970 3975 dietum
995 3917 1042 3982 sit,
1064 3918 1167 3976 Munus
1192 3924 1245 3973 tuoe
1269 3917 1298 3972 ιἰι

196 4009 272 4073 tergo
286 4001 454 4056 inimieorum
470 4005 584 4057 ίιιοτιιαι.
627 3997 713 4066 Quod
735 3999 758 4055 si
777 3998 862 4055 etiam
876 4017 951 4054 nuno
965 3997 1183 4055 innumerabiles
1199 3996 1297 4054 Salva·
1349 3993 1354 4000 ’

197 4080 269 4136 toris
292 4080 382 4137 nostri
407 4077 512 4135 inimici
536 4077 683 4138 ecclesiam
711 4081 773 4152 ejus
796 4077 882 4136 variis
909 4079 1103 4135 occasionibus
1131 4097 1297 4153 oppugnare

198 4168 346 4225 conantur,
361 4169 488 4216 attamen
502 4158 555 4214 bos
569 4176 680 4232 quoqne
695 4156 826 4214 invisibili
844 4156 965 4230 quadam
987 4177 1071 4214 manu
1090 4166 1119 4215 et
1138 4177 1189 4214 sus
1203 4158 1298 4216 divina

198 4240 302 4297 virtute
316 4240 345 4296 iu
359 4240 456 4314 fugam
472 4238 566 4302 vertit,
580 4246 613 4294 ut
626 4240 661 4295 de
675 4237 721 4292 his
735 4238 804 4294 item
818 4236 925 4293 dictum
943 4237 980 4293 sit
993 4237 1071 4302 illud,
1086 4238 1188 4295 Μοαιιι
1202 4247 1255 4294 tun
1268 4241 1296 4292 in

200 4328 274 4394 tergo
288 4321 459 4377 inimieorum
473 4327 591 4374 tuorum.
633 4317 691 4374 Ubi
701 4335 769 4374 vero
780 4317 849 4392 jam,
861 4316 937 4390 quod
950 4317 1089 4392 reliquum
1102 4317 1165 4382 fuit,
1175 4315 1297 4388 insignia
