3120 4716
10 287 11 308 ι
54 258 184 338 -478,
448 269 676 335 DEMONST.
701 271 872 336 EVANG.
897 274 943 336 X.
960 293 989 356 3.
1239 275 1304 340 943

194 428 233 505 ἐκ
259 437 451 531 περιτομῆς
468 433 534 533 τὴν
558 441 630 514 τῶν
654 437 818 538 πατέρων
844 440 961 516 αὐτῶν
982 442 1030 520 εἰς
1049 437 1191 521 ἑαυτοὺς
1210 436 1301 541 aipdv
1311 465 1342 527 p-
1354 445 1416 525 478

195 553 438 654 ἐπισπώμενοι
466 559 705 664 βλασφήμοις
731 567 789 640 καὶ
818 563 971 655 ἀσεβεσι
997 561 1156 665 ῥήμασιν
1184 575 1296 643 mucur-

196 681 458 784 αναθεματίζειν
485 681 548 761 τὸν
574 689 727 786 Σωτῆρα
754 689 813 765 καὶ
840 685 974 787 Κύριον
1001 687 1102 785 ἡμῶν
1131 690 1189 766 καὶ
1216 686 1299 770 τοὺς

197 809 244 888 εἷς
264 805 372 886 αὐτὸν
394 807 674 892 πεπιστευκότας
692 808 852 894 ἅπαντας
870 811 1028 908 εἰώθασι,
1046 813 1173 892 τούτου
1194 811 1299 915 χάριν

197 931 280 1036 έξῆς
311 933 476 1033 ἐπιλέγει,
508 933 758 1039 καταρθσυνται
775 943 893 1028 αὐτοὶ,
928 949 986 1018 καὶ
1018 937 1059 1018 riu
1092 941 1322 1040 εὐλιγῆσεις.5

158 1066 244 1135 ²1Oi
268 1057 526 1162 ἑπανιστιίμενιί
542 1096 599 1163 μοι
623 1060 938 1158 αἱσχυνθῆτωσαν,ι“
964 1058 999 1142 δὲ
1025 1058 1137 1147 δοῦλός
1159 1099 1218 1141 σου
1242 1067 1295 1142 εὖ·

197 1180 427 1288 φρανθιὶσεται.
460 1180 735 1265 Ἐνδυσυίσθωσαν
750 1195 777 1265 oi
793 1183 1068 1280 ἐνῶαβιίλλιντές
1085 1221 1131 1290 με
1143 1186 1297 1293 ἐντροπὴν,

198 1313 257 1385 καὶ
283 1307 583 1415 περιβαλέσθωσαν
606 1315 650 1396 ῶς
669 1305 834 1391 διπλοΐδα
860 1311 1016 1408 αἰσχύνην
1037 1311 1154 1390 αὐτῶν.
1203 1311 1296 1414 Ἐγῶ

196 1427 231 1511 δὲ
257 1433 547 1539 ἑξομολογῆσομιιι
567 1445 612 1545 τῷ
632 1441 735 1545 Κυρίῳ
756 1434 913 1542 “σφο’δρα
938 1440 968 1518 ἐν
986 1447 1032 1544 τῷ
1052 1441 1202 1542 στὸματῖ
1217 1475 1294 1542 μιν,
1308 1478 1337 1512 ιο

198 1566 257 1637 καὶ
283 1562 312 1637 ἐν
339 1559 435 1667 με’σῳ
456 1561 596 1642 πολλῶν
622 1562 740 1642 αἰνέσω
766 1564 874 1652 αὐτῶν,
894 1563 941 1642 ’ὅτι
961 1562 1110 1671 παρέστη
1130 1565 1169 1643 εἰι
1189 1560 1296 1670 δεξιῶν
1306 1593 1327 1656 b

196 1682 331 1772 πένητας
359 1687 413 1763 τῶν
437 1683 548 1765 σῶσαι
571 1688 693 1766 ἐκτῶν
717 1683 987 1768 καταδνωκθντων
1010 1689 1063 1781 τὴν
1082 1683 1200 1795 ψυχήν
1218 1725 1293 1794 μου.

157 1837 187 1870 ²²
199 1809 271 1886 Καὶ
300 1807 483 1909 πρόδηλόν
506 1844 549 1911 γε
578 1810 727 1894 ὁπόσοις
755 1813 864 1891 εἰσέτι
891 1815 949 1891 καὶ
978 1822 1041 1892 νῦν
1069 1817 1102 1891 oi
1129 1811 1193 1895 τὰς
1221 1814 1296 1893 κατ’

196 1936 305 2014 αὐτοῦ
326 1935 414 2037 ἀρὰς
436 1939 473 2014 ἐν
491 1945 567 2020 ταῖς
589 1939 724 2018 ἑαυτῶν
748 1947 977 2040 συναγωγαῖς
1000 1938 1201 2037 ποιούμενοι
1222 1973 1293 2019 πα-

196 2062 341 2138 λαίουσι
375 2069 503 2158 κακοῖς,
534 2060 606 2142 ἀπὸ
638 2069 710 2142 τῶν
742 2066 859 2142 αὐτῶν
890 2063 1029 2168 χρόνων
1061 2065 1110 2162 μὴ
1143 2066 1172 2142 δ
1203 2063 1321 2152 ὅλωςς

196 2189 387 2265 ἀνανεῦσαι
417 2188 649 2286 δεδυνημένοι,
670 2188 766 2271 ὅπως
793 2223 831 2269 τε
857 2190 961 2273 αὐτὸς
989 2186 1087 2268 αἶνον
1114 2195 1165 2295 τῷ
1189 2194 1298 2291 πατρὶ

195 2316 233 2392 ἐν
261 2313 362 2419 μέσῳ
390 2321 542 2393 πολλῶν
570 2316 682 2392 ἐθνῶν
709 2313 860 2393 τὸνδιὰ
889 2320 953 2414 τῆς
980 2319 1101 2411 καινῆς
1129 2313 1298 2414 διαθήκης

196 2441 304 2518 αὐτοῦ
322 2439 572 2540 καταρτίζεται,
585 2441 761 2539 συνεργὸν
777 2440 841 2518 τὸν
859 2441 995 2541 πατέρα
1014 2443 1071 2518 καὶ
1089 2443 1152 2538 τῆς
1171 2444 1295 2519 ἑαυτοῦ

196 2565 314 2670 δεξιᾶς
330 2563 508 2665 πάρεδρον
526 2563 745 2661 κεκτημένος.
806 2567 877 2660 Διὶ,
897 2568 1021 2669 φησὶν,
1041 2567 1070 2644 ἑν
1091 2565 1188 2672 μέσῳ
1206 2587 1295 2644 aon·
1307 2606 1337 2641 ιο

158 2690 264 2770 νιλῶν
290 2687 406 2770 αἰνέσω
432 2690 540 2779 αὐτῶν,
561 2690 608 2768 ’ὅτι
637 2689 786 2794 παρέστη
811 2691 850 2768 ἐκ
879 2684 987 2796 δεξιῶν
1015 2690 1163 2784 πένητος.
1225 2695 1322 2769 Kaio

241 2885 265 2916 ¹¹³
280 2873 483 2944 δναθεμυτῖζειν]
499 2873 735 2942 καταναθεματίζειν
750 2873 779 2926 Ρ.
808 2873 1012 2942 καταθεματίζειν
1028 2875 1055 2928 S.
1159 2883 1174 2914 ὓ
1190 2877 1297 2947 σφόδρα

198 2973 252 3008 om.
269 2954 331 3010 P.S.
346 2973 408 3010 cum
423 2955 577 3025 interprete.

198 3108 275 3147 nunc
289 3091 307 3146 J
310 3090 381 3146 udaei
395 3097 507 3164 petrum
522 3107 636 3146 suorum
652 3089 680 3144 in
696 3088 804 3166 seipsos
818 3090 1024 3148 execrationem
1040 3091 1216 3148 attrahentes
1230 3110 1295 3149 exe·

199 3169 349 3227 erabilibus
383 3179 413 3227 et
440 3169 554 3226 nefariis
581 3169 675 3226 verbis
709 3169 843 3226 detestari
874 3168 1049 3227 Suivstorem
1078 3190 1112 3227 sc
1140 3171 1296 3228 Dominum

198 3259 327 3307 nostrum
349 3268 503 3324 omnesque
525 3250 683 3323 quicunque
703 3249 733 3304 in
754 3250 839 3305 fidem
860 3250 922 3323 ejus
936 3251 1099 3308 transierint
1114 3269 1295 3315 consuevere.

198 3330 303 3386 ideirco
317 3329 450 3403 deinceps
464 3330 603 3404 adjungit,
618 3327 787 3385 Maledicent
802 3330 844 3384 uu
857 3337 882 3384 et
901 3337 931 3385 tu
947 3331 1090 3387 benedices.
1136 3331 1190 3395 Qui
1205 3329 1295 3387 insur-

197 3418 267 3482 gunt
287 3413 315 3466 in
335 3427 387 3474 me,
403 3411 624 3483 confundantur:
645 3427 737 3465 ιιτυυι
756 3414 846 3463 autem
871 3415 934 3464 tuus
956 3411 1103 3465 tutabitur.
1146 3409 1297 3465 induantur

199 3493 245 3562 qui
265 3490 411 3546 detrudunt
431 3489 499 3545 πιὶΙιὶ
517 3492 629 3562 pudore,
643 3495 669 3544 et
683 3489 843 3562 operiantur
856 3489 925 3544 ςὶααι
939 3489 1057 3562 diploide
1067 3488 1222 3562 confusione
1234 3507 1295 3545 sua.

200 3571 261 3643 Ερο
275 3578 367 3625 autem
381 3569 523 3639 confitebor
537 3567 658 3624 Domino
672 3570 701 3623 in
716 3585 763 3623 ore
776 3585 853 3622 meo:
875 3575 902 3622 et
916 3569 944 3624 iu
963 3571 1051 3624 medio
1068 3570 1217 3624 intuitorum
1236 3569 1296 3624 tau·

198 3649 266 3705 dubo
281 3666 350 3707 eum.
395 3649 530 3713 Quoniam
551 3649 657 3703 adstitit
678 3666 696 3702 α
715 3647 815 3702 deutris
829 3650 971 3722 pauperis,
987 3656 1018 3705 ut
1035 3647 1136 3704 saluam
1149 3648 1259 3722 faceret
1279 3667 1297 3704 ο

195 3729 415 3802 persequentibus
432 3730 549 3784 animum
571 3745 669 3783 meam.
712 3725 754 3782 Et
770 3744 838 3782 sane
858 3734 970 3784 constet
988 3746 1072 3801 quam
1094 3727 1191 3782 mrdtis
1211 3725 1296 3782 etiem

199 3825 275 3864 nnnc
299 3808 384 3865 rebus
408 3807 533 3864 adversis
552 3807 750 3863 conflictentur
771 3807 928 3880 quicunque
950 3807 1143 3863 execrationes
1163 3805 1297 3861 adversus

198 3885 278 3944 illum
292 3888 322 3944 iu
336 3888 393 3944 suis
408 3886 594 3944 conventibus
605 3888 724 3960 jactent,
735 3885 837 3960 quippe
851 3885 898 3958 qui
912 3887 948 3943 eb
961 3887 1061 3942 iisdem
1071 3884 1247 3959 temporibus
1260 3903 1297 3942 ne

199 3969 337 4043 respirare
351 3968 466 4042 quidem
487 3974 536 4022 eut
554 3965 696 4039 suspicere
712 3983 833 4038 unquam
847 3965 1001 4039 potuerint,
1016 3983 1155 4038 quamque
1169 3963 1216 4023 ille
1233 3963 1296 4020 teti-

199 4047 270 4104 citer
290 4048 320 4104 iu
343 4047 437 4104 medio
461 4047 613 4102 multorum
636 4043 766 4118 gentium
790 4063 840 4118 per
864 4063 946 4100 suum
971 4044 1058 4118 ipsius
1081 4063 1186 4100 novum
1208 4053 1297 4101 teste-

199 4135 327 4184 mentum
341 4146 393 4183 suo
407 4126 480 4200 putri
494 4125 606 4182 leudem
620 4121 755 4197 perficiat,
766 4122 833 4179 dum
843 4123 964 4180 eundem
974 4133 1083 4198 petrem
1094 4124 1252 4198 adjutorem
1267 4132 1298 4179 et

200 4225 258 4262 suae
279 4206 387 4263 dextrae
408 4223 579 4262 assessorem
596 4203 715 4266 obtinet,
730 4221 799 4276 quas
820 4202 857 4259 ob
879 4221 925 4260 res
947 4203 986 4259 its
1006 4203 1140 4278 loquitur,
1155 4203 1190 4260 Iu
1210 4205 1298 4259 medio

200 4287 344 4342 multorum
360 4286 476 4342 laudubo
489 4303 559 4350 eum,
575 4285 637 4357 quia
654 4283 762 4338 adstitit
776 4301 793 4337 u
807 4284 908 4338 dextris
918 4285 1062 4358 pauperis.
1084 4283 1209 4340 Salutem
1224 4299 1295 4355 prae-
