<?xml version="1.0" encoding="UTF-8"?>
<!DOCTYPE html PUBLIC "-//W3C//DTD XHTML 1.0 Transitional//EN"
    "http://www.w3.org/TR/xhtml1/DTD/xhtml1-transitional.dtd">
<html xmlns="http://www.w3.org/1999/xhtml" xml:lang="en" lang="en">
 <head>
  <title>
</title>
<meta http-equiv="Content-Type" content="text/html;charset=utf-8" />
  <meta name='ocr-system' content='tesseract 3.04.00' />
  <meta name='ocr-capabilities' content='ocr_page ocr_carea ocr_par ocr_line ocrx_word'/>
</head>
<body>
  <div class='ocr_page' id='page_1' title='image "./evangelicaedemo00donagoog/evangelicaedemo00donagoog_0290.png"; bbox 0 0 3144 4720; ppageno 0'>
   <div class='ocr_carea' id='block_1_1' title="bbox 68 249 1312 324">
    <p class='ocr_par' dir='ltr' id='par_1_1' title="bbox 68 249 1312 324">
     <span class='ocr_line' id='line_1_1' title="bbox 68 249 1312 324; baseline -0.011 1"><span class='ocrx_word' id='word_1_1' title='bbox 68 261 203 324; x_wconf 84' lang='lat'><em>-402.</em></span> <span class='ocrx_word' id='word_1_2' title='bbox 447 250 673 316; x_wconf 83' lang='lat' dir='ltr'><strong>DEMONST.</strong></span> <span class='ocrx_word' id='word_1_3' title='bbox 698 249 869 314; x_wconf 77' lang='lat' dir='ltr'><strong>EVANG.</strong></span> <span class='ocrx_word' id='word_1_4' title='bbox 895 250 988 313; x_wconf 92' lang='lat' dir='ltr'>VIII.</span> <span class='ocrx_word' id='word_1_5' title='bbox 1008 270 1035 315; x_wconf 85' lang='lat'>2.</span> <span class='ocrx_word' id='word_1_6' title='bbox 1251 251 1312 312; x_wconf 88' lang='lat'>801</span> 
     </span>
    </p>
   </div>
   <div class='ocr_carea' id='block_1_2' title="bbox 160 411 1356 900">
    <p class='ocr_par' dir='ltr' id='par_1_2' title="bbox 214 411 1311 516">
     <span class='ocr_line' id='line_1_2' title="bbox 214 411 1311 516; baseline -0.001 -26"><span class='ocrx_word' id='word_1_7' title='bbox 214 415 273 490; x_wconf 87' lang='grc' dir='ltr'>καὶ</span> <span class='ocrx_word' id='word_1_8' title='bbox 298 411 451 512; x_wconf 77' lang='grc' dir='ltr'>σπονδὴ,</span> <span class='ocrx_word' id='word_1_9' title='bbox 469 415 512 514; x_wconf 78' lang='grc' dir='ltr'>ἧς</span> <span class='ocrx_word' id='word_1_10' title='bbox 534 416 712 516; x_wconf 80' lang='grc' dir='ltr'>ἀρθείσης,</span> <span class='ocrx_word' id='word_1_11' title='bbox 732 418 790 494; x_wconf 87' lang='grc' dir='ltr'>καὶ</span> <span class='ocrx_word' id='word_1_12' title='bbox 813 412 855 492; x_wconf 83' lang='grc' dir='ltr'>τὸ</span> <span class='ocrx_word' id='word_1_13' title='bbox 881 411 1071 515; x_wconf 85' lang='grc' dir='ltr'>βδέλυγμα</span> <span class='ocrx_word' id='word_1_14' title='bbox 1092 416 1156 509; x_wconf 76' lang='grc' dir='ltr'>τῆς</span> <span class='ocrx_word' id='word_1_15' title='bbox 1174 413 1311 513; x_wconf 83' lang='grc' dir='ltr'>ἐρημώ-</span> 
     </span>
    </p>

    <p class='ocr_par' dir='ltr' id='par_1_3' title="bbox 160 536 1356 772">
     <span class='ocr_line' id='line_1_3' title="bbox 214 536 1356 646; baseline -0.001 -30"><span class='ocrx_word' id='word_1_16' title='bbox 214 571 319 633; x_wconf 89' lang='grc' dir='ltr'>σεως,</span> <span class='ocrx_word' id='word_1_17' title='bbox 339 538 430 618; x_wconf 77' lang='grc' dir='ltr'>κατὰ</span> <span class='ocrx_word' id='word_1_18' title='bbox 450 539 516 639; x_wconf 81' lang='grc' dir='ltr'>τὴν</span> <span class='ocrx_word' id='word_1_19' title='bbox 536 544 574 620; x_wconf 83' lang='grc' dir='ltr'>ἐν</span> <span class='ocrx_word' id='word_1_20' title='bbox 598 545 703 645; x_wconf 83' lang='grc' dir='ltr'>χερσὶ</span> <span class='ocrx_word' id='word_1_21' title='bbox 725 540 956 646; x_wconf 81' lang='grc' dir='ltr'>προφητείαν,</span> <span class='ocrx_word' id='word_1_22' title='bbox 975 536 1245 638; x_wconf 78' lang='grc' dir='ltr'>ἐπηκολούθησε</span> <span class='ocrx_word' id='word_1_23' title='bbox 1265 543 1315 642; x_wconf 78' lang='grc' dir='ltr'>τῷ</span> <span class='ocrx_word' id='word_1_24' title='bbox 1328 573 1356 607; x_wconf 82' lang='lat'>¹0</span> 
     </span>
     <span class='ocr_line' id='line_1_4' title="bbox 160 663 1318 772; baseline 0 -29"><span class='ocrx_word' id='word_1_25' title='bbox 160 663 325 772; x_wconf 70' lang='grc' dir='ltr'>Ηιτόττορ.</span> <span class='ocrx_word' id='word_1_26' title='bbox 386 673 431 746; x_wconf 85' lang='lat' dir='ltr'>Ei</span> <span class='ocrx_word' id='word_1_27' title='bbox 450 667 564 747; x_wconf 77' lang='grc' dir='ltr'>δὲκαὶ</span> <span class='ocrx_word' id='word_1_28' title='bbox 583 670 644 749; x_wconf 86' lang='grc' dir='ltr'>ἐπί</span> <span class='ocrx_word' id='word_1_29' title='bbox 659 703 739 747; x_wconf 90' lang='grc' dir='ltr'>τινα</span> <span class='ocrx_word' id='word_1_30' title='bbox 756 666 886 772; x_wconf 86' lang='grc' dir='ltr'>χρόνον</span> <span class='ocrx_word' id='word_1_31' title='bbox 910 668 1124 768; x_wconf 77' lang='grc' dir='ltr'>παραμένειν</span> <span class='ocrx_word' id='word_1_32' title='bbox 1150 665 1249 771; x_wconf 79' lang='grc' dir='ltr'>ἔδοξε</span> <span class='ocrx_word' id='word_1_33' title='bbox 1271 665 1318 743; x_wconf 81' lang='grc' dir='ltr'>τὰ</span> 
     </span>
    </p>

    <p class='ocr_par' dir='ltr' id='par_1_4' title="bbox 215 791 1318 900">
     <span class='ocr_line' id='line_1_5' title="bbox 215 791 1318 900; baseline -0.006 -24"><span class='ocrx_word' id='word_1_34' title='bbox 215 795 279 890; x_wconf 73' lang='grc' dir='ltr'>τῆς</span> <span class='ocrx_word' id='word_1_35' title='bbox 296 793 334 871; x_wconf 86' lang='grc' dir='ltr'>ἐν</span> <span class='ocrx_word' id='word_1_36' title='bbox 351 799 403 900; x_wconf 78' lang='grc' dir='ltr'>τῷ</span> <span class='ocrx_word' id='word_1_37' title='bbox 420 791 519 900; x_wconf 82' lang='grc' dir='ltr'>τόπερ</span> <span class='ocrx_word' id='word_1_38' title='bbox 546 794 776 896; x_wconf 86' lang='grc' dir='ltr'>λειτουργίας,</span> <span class='ocrx_word' id='word_1_39' title='bbox 795 795 879 872; x_wconf 82' lang='grc' dir='ltr'>ἀλλ’</span> <span class='ocrx_word' id='word_1_40' title='bbox 900 791 1013 872; x_wconf 79' lang='grc' dir='ltr'>οὐκέτι</span> <span class='ocrx_word' id='word_1_41' title='bbox 1035 825 1078 893; x_wconf 86' lang='grc' dir='ltr'>γε</span> <span class='ocrx_word' id='word_1_42' title='bbox 1101 801 1214 871; x_wconf 83' lang='grc' dir='ltr'>ταῦτα</span> <span class='ocrx_word' id='word_1_43' title='bbox 1237 795 1318 894; x_wconf 82' lang='grc' dir='ltr'>ἀρε-</span> 
     </span>
    </p>
   </div>
   <div class='ocr_carea' id='block_1_3' title="bbox 216 917 1317 1027">
    <p class='ocr_par' dir='ltr' id='par_1_5' title="bbox 216 917 1317 1027">
     <span class='ocr_line' id='line_1_6' title="bbox 216 917 1317 1027; baseline -0.002 -30"><span class='ocrx_word' id='word_1_44' title='bbox 216 917 290 998; x_wconf 84' lang='grc' dir='ltr'>στὰ</span> <span class='ocrx_word' id='word_1_45' title='bbox 312 924 363 1026; x_wconf 76' lang='grc' dir='ltr'>τῷ</span> <span class='ocrx_word' id='word_1_46' title='bbox 385 924 468 1027; x_wconf 82' lang='grc' dir='ltr'>Θεῷ</span> <span class='ocrx_word' id='word_1_47' title='bbox 490 919 546 1024; x_wconf 74' lang='grc' dir='ltr'>ἦν,</span> <span class='ocrx_word' id='word_1_48' title='bbox 562 922 713 1024; x_wconf 80' lang='grc' dir='ltr'>ἀκρίτως</span> <span class='ocrx_word' id='word_1_49' title='bbox 740 924 799 1000; x_wconf 86' lang='grc' dir='ltr'>καὶ</span> <span class='ocrx_word' id='word_1_50' title='bbox 822 922 864 999; x_wconf 79' lang='grc' dir='ltr'>οὐ</span> <span class='ocrx_word' id='word_1_51' title='bbox 888 918 979 998; x_wconf 84' lang='grc' dir='ltr'>κατὰ</span> <span class='ocrx_word' id='word_1_52' title='bbox 1004 917 1113 1018; x_wconf 91' lang='grc' dir='ltr'>νόμον</span> <span class='ocrx_word' id='word_1_53' title='bbox 1137 917 1317 998; x_wconf 85' lang='grc' dir='ltr'>ἐπιτελού-</span> 
     </span>
    </p>
   </div>
   <div class='ocr_carea' id='block_1_4' title="bbox 161 1043 1430 2944">
    <p class='ocr_par' dir='ltr' id='par_1_6' title="bbox 161 1043 1430 2798">
     <span class='ocr_line' id='line_1_7' title="bbox 161 1043 1430 1152; baseline 0.002 -32"><span class='ocrx_word' id='word_1_54' title='bbox 161 1071 317 1143; x_wconf 72' lang='grc' dir='ltr'>ιιεμενα.</span> <span class='ocrx_word' id='word_1_55' title='bbox 384 1045 533 1148; x_wconf 84' lang='grc' dir='ltr'>Ὥσπερ</span> <span class='ocrx_word' id='word_1_56' title='bbox 569 1044 641 1149; x_wconf 83' lang='grc' dir='ltr'>γὰρ</span> <span class='ocrx_word' id='word_1_57' title='bbox 677 1047 863 1149; x_wconf 84' lang='grc' dir='ltr'>πρόπαλαι</span> <span class='ocrx_word' id='word_1_58' title='bbox 906 1043 1218 1152; x_wconf 81' lang='grc' dir='ltr'>ἐξολοθρευθέντος</span> <span class='ocrx_word' id='word_1_59' title='bbox 1254 1051 1317 1123; x_wconf 87' lang='grc' dir='ltr'>τοῦ</span> <span class='ocrx_word' id='word_1_60' title='bbox 1325 1065 1356 1128; x_wconf 86' lang='grc' dir='ltr'>Ρ·</span> <span class='ocrx_word' id='word_1_61' title='bbox 1367 1061 1430 1122; x_wconf 77' lang='lat'>402</span> 
     </span>
     <span class='ocr_line' id='line_1_8' title="bbox 217 1170 1317 1276; baseline -0.001 -27"><span class='ocrx_word' id='word_1_62' title='bbox 217 1172 425 1273; x_wconf 85' lang='grc' dir='ltr'>χρίσματος,</span> <span class='ocrx_word' id='word_1_63' title='bbox 445 1176 504 1252; x_wconf 80' lang='grc' dir='ltr'>καὶ</span> <span class='ocrx_word' id='word_1_64' title='bbox 531 1180 603 1252; x_wconf 83' lang='grc' dir='ltr'>τῶν</span> <span class='ocrx_word' id='word_1_65' title='bbox 631 1171 723 1253; x_wconf 78' lang='grc' dir='ltr'>κατὰ</span> <span class='ocrx_word' id='word_1_66' title='bbox 750 1170 920 1276; x_wconf 56' lang='grc' dir='ltr'>διαδοηρδν</span> <span class='ocrx_word' id='word_1_67' title='bbox 946 1174 1104 1269; x_wconf 84' lang='grc' dir='ltr'>νομίμων</span> <span class='ocrx_word' id='word_1_68' title='bbox 1129 1170 1317 1274; x_wconf 78' lang='grc' dir='ltr'>ἀρχιερέων</span> 
     </span>
     <span class='ocr_line' id='line_1_9' title="bbox 216 1297 1317 1404; baseline -0.001 -27"><span class='ocrx_word' id='word_1_69' title='bbox 216 1299 449 1396; x_wconf 73' lang='grc' dir='ltr'>πεπαυμένων</span> <span class='ocrx_word' id='word_1_70' title='bbox 468 1299 540 1380; x_wconf 81' lang='grc' dir='ltr'>ἀπὸ</span> <span class='ocrx_word' id='word_1_71' title='bbox 558 1304 621 1398; x_wconf 78' lang='grc' dir='ltr'>τῆς</span> <span class='ocrx_word' id='word_1_72' title='bbox 638 1301 818 1404; x_wconf 79' lang='grc' dir='ltr'>Ὑρκανοῦ</span> <span class='ocrx_word' id='word_1_73' title='bbox 834 1303 1012 1397; x_wconf 81' lang='grc' dir='ltr'>τελευτῆς,</span> <span class='ocrx_word' id='word_1_74' title='bbox 1032 1304 1065 1378; x_wconf 84' lang='lat' dir='ltr'>oi</span> <span class='ocrx_word' id='word_1_75' title='bbox 1089 1297 1179 1396; x_wconf 85' lang='grc' dir='ltr'>μετὰ</span> <span class='ocrx_word' id='word_1_76' title='bbox 1204 1305 1317 1376; x_wconf 82' lang='grc' dir='ltr'>ταῦτα</span> 
     </span>
     <span class='ocr_line' id='line_1_10' title="bbox 216 1423 1339 1529; baseline -0.001 -23"><span class='ocrx_word' id='word_1_77' title='bbox 216 1425 403 1528; x_wconf 85' lang='grc' dir='ltr'>παριόντες</span> <span class='ocrx_word' id='word_1_78' title='bbox 420 1425 580 1510; x_wconf 83' lang='grc' dir='ltr'>ἀτάκτως</span> <span class='ocrx_word' id='word_1_79' title='bbox 599 1431 657 1507; x_wconf 79' lang='grc' dir='ltr'>καὶ</span> <span class='ocrx_word' id='word_1_80' title='bbox 676 1423 891 1529; x_wconf 87' lang='grc' dir='ltr'>παρανόμως</span> <span class='ocrx_word' id='word_1_81' title='bbox 908 1425 1050 1506; x_wconf 84' lang='grc' dir='ltr'>ἐδόκουν</span> <span class='ocrx_word' id='word_1_82' title='bbox 1062 1426 1127 1525; x_wconf 80' lang='grc' dir='ltr'>μέν</span> <span class='ocrx_word' id='word_1_83' title='bbox 1142 1459 1176 1504; x_wconf 89' lang='grc' dir='ltr'>τι</span> <span class='ocrx_word' id='word_1_84' title='bbox 1193 1431 1339 1521; x_wconf 81' lang='grc' dir='ltr'>ποιεῖν,ι</span> 
     </span>
     <span class='ocr_line' id='line_1_11' title="bbox 217 1549 1317 1658; baseline 0.003 -28"><span class='ocrx_word' id='word_1_85' title='bbox 217 1553 259 1630; x_wconf 80' lang='grc' dir='ltr'>οὐ</span> <span class='ocrx_word' id='word_1_86' title='bbox 284 1549 356 1652; x_wconf 79' lang='grc' dir='ltr'>μὴν</span> <span class='ocrx_word' id='word_1_87' title='bbox 382 1551 473 1633; x_wconf 82' lang='grc' dir='ltr'>κατὰ</span> <span class='ocrx_word' id='word_1_88' title='bbox 497 1552 579 1636; x_wconf 77' lang='grc' dir='ltr'>τοὺς</span> <span class='ocrx_word' id='word_1_89' title='bbox 596 1552 796 1656; x_wconf 88' lang='grc' dir='ltr'>πρέποντας</span> <span class='ocrx_word' id='word_1_90' title='bbox 815 1553 990 1656; x_wconf 78' lang='grc' dir='ltr'>ἔτραπον</span> <span class='ocrx_word' id='word_1_91' title='bbox 1009 1551 1174 1658; x_wconf 76' lang='grc' dir='ltr'>θεσμοὺς,</span> <span class='ocrx_word' id='word_1_92' title='bbox 1194 1551 1236 1630; x_wconf 83' lang='grc' dir='ltr'>δι’</span> <span class='ocrx_word' id='word_1_93' title='bbox 1257 1549 1317 1642; x_wconf 76' lang='grc' dir='ltr'>οὓς</span> 
     </span>
     <span class='ocr_line' id='line_1_12' title="bbox 216 1676 1315 1787; baseline 0.002 -31"><span class='ocrx_word' id='word_1_94' title='bbox 216 1681 275 1757; x_wconf 81' lang='grc' dir='ltr'>καὶ</span> <span class='ocrx_word' id='word_1_95' title='bbox 301 1678 461 1784; x_wconf 78' lang='grc' dir='ltr'>ἔφασκεν</span> <span class='ocrx_word' id='word_1_96' title='bbox 489 1681 511 1779; x_wconf 76' lang='grc' dir='ltr'><em>ἡ</em></span> <span class='ocrx_word' id='word_1_97' title='bbox 538 1680 747 1786; x_wconf 80' lang='grc' dir='ltr'>προφητεία,</span> <span class='ocrx_word' id='word_1_98' title='bbox 768 1676 1062 1787; x_wconf 73' lang='grc' dir='ltr'>ἐξολεθρευθήσεται</span> <span class='ocrx_word' id='word_1_99' title='bbox 1086 1683 1233 1784; x_wconf 82' lang='grc' dir='ltr'>χρίσμα,</span> <span class='ocrx_word' id='word_1_100' title='bbox 1256 1685 1315 1758; x_wconf 69' lang='grc' dir='ltr'>καὶ</span> 
     </span>
     <span class='ocr_line' id='line_1_13' title="bbox 218 1804 1316 1915; baseline -0.002 -31"><span class='ocrx_word' id='word_1_101' title='bbox 218 1811 324 1912; x_wconf 79' lang='grc' dir='ltr'>κρίμα</span> <span class='ocrx_word' id='word_1_102' title='bbox 348 1812 405 1887; x_wconf 78' lang='grc' dir='ltr'>οὐκ</span> <span class='ocrx_word' id='word_1_103' title='bbox 425 1807 511 1886; x_wconf 80' lang='grc' dir='ltr'>ίστιι</span> <span class='ocrx_word' id='word_1_104' title='bbox 530 1809 558 1886; x_wconf 83' lang='grc' dir='ltr'>ἐν</span> <span class='ocrx_word' id='word_1_105' title='bbox 583 1811 681 1915; x_wconf 68' lang='grc' dir='ltr'>αὐτῷ,</span> <span class='ocrx_word' id='word_1_106' title='bbox 701 1807 743 1887; x_wconf 86' lang='grc' dir='ltr'>τὸ</span> <span class='ocrx_word' id='word_1_107' title='bbox 769 1807 912 1909; x_wconf 80' lang='grc' dir='ltr'>ἄκριτον</span> <span class='ocrx_word' id='word_1_108' title='bbox 937 1810 994 1885; x_wconf 83' lang='grc' dir='ltr'>καὶ</span> <span class='ocrx_word' id='word_1_109' title='bbox 1021 1804 1230 1907; x_wconf 78' lang='grc' dir='ltr'>παράνομον</span> <span class='ocrx_word' id='word_1_110' title='bbox 1254 1807 1316 1882; x_wconf 84' lang='grc' dir='ltr'>αὑ-</span> 
     </span>
     <span class='ocr_line' id='line_1_14' title="bbox 216 1931 1356 2031; baseline -0.005 -22"><span class='ocrx_word' id='word_1_111' title='bbox 216 1937 288 2011; x_wconf 82' lang='grc' dir='ltr'>τῶν</span> <span class='ocrx_word' id='word_1_112' title='bbox 312 1931 579 2026; x_wconf 79' lang='grc' dir='ltr'>διαβάλλουσα·</span> <span class='ocrx_word' id='word_1_113' title='bbox 609 1936 701 2013; x_wconf 79' lang='grc' dir='ltr'>οὕτω</span> <span class='ocrx_word' id='word_1_114' title='bbox 720 1931 764 2031; x_wconf 76' lang='grc' dir='ltr'>δὴ</span> <span class='ocrx_word' id='word_1_115' title='bbox 782 1935 840 2011; x_wconf 82' lang='grc' dir='ltr'>καὶ</span> <span class='ocrx_word' id='word_1_116' title='bbox 864 1933 921 2012; x_wconf 80' lang='grc' dir='ltr'>ἐπὶ</span> <span class='ocrx_word' id='word_1_117' title='bbox 940 1935 1004 2029; x_wconf 75' lang='grc' dir='ltr'>τῆς</span> <span class='ocrx_word' id='word_1_118' title='bbox 1022 1934 1151 2014; x_wconf 88' lang='grc' dir='ltr'>θυσίας</span> <span class='ocrx_word' id='word_1_119' title='bbox 1172 1932 1230 2009; x_wconf 82' lang='grc' dir='ltr'>καὶ</span> <span class='ocrx_word' id='word_1_120' title='bbox 1251 1934 1314 2027; x_wconf 78' lang='grc' dir='ltr'>τῆς</span> <span class='ocrx_word' id='word_1_121' title='bbox 1327 1970 1356 2004; x_wconf 83' lang='grc' dir='ltr'>ιο</span> 
     </span>
     <span class='ocr_line' id='line_1_15' title="bbox 216 2055 1344 2165; baseline -0.004 -26"><span class='ocrx_word' id='word_1_122' title='bbox 216 2064 379 2159; x_wconf 80' lang='grc' dir='ltr'>σπονδῆς</span> <span class='ocrx_word' id='word_1_123' title='bbox 410 2061 678 2161; x_wconf 78' lang='grc' dir='ltr'>συμβεβηκέναι</span> <span class='ocrx_word' id='word_1_124' title='bbox 714 2057 855 2165; x_wconf 79' lang='grc' dir='ltr'>φήσεις,</span> <span class='ocrx_word' id='word_1_125' title='bbox 884 2061 998 2161; x_wconf 82' lang='grc' dir='ltr'>ὀρθῶς</span> <span class='ocrx_word' id='word_1_126' title='bbox 1031 2056 1096 2156; x_wconf 80' lang='grc' dir='ltr'>μέν</span> <span class='ocrx_word' id='word_1_127' title='bbox 1132 2059 1190 2136; x_wconf 77' lang='grc' dir='ltr'>καὶ</span> <span class='ocrx_word' id='word_1_128' title='bbox 1223 2055 1344 2136; x_wconf 78' lang='grc' dir='ltr'>κατὰδ</span> 
     </span>
     <span class='ocr_line' id='line_1_16' title="bbox 218 2184 1316 2286; baseline -0.001 -20"><span class='ocrx_word' id='word_1_129' title='bbox 218 2186 327 2283; x_wconf 86' lang='grc' dir='ltr'>νόμον</span> <span class='ocrx_word' id='word_1_130' title='bbox 345 2186 417 2286; x_wconf 81' lang='grc' dir='ltr'>πρὸ</span> <span class='ocrx_word' id='word_1_131' title='bbox 436 2195 500 2266; x_wconf 81' lang='grc' dir='ltr'>τοῦ</span> <span class='ocrx_word' id='word_1_132' title='bbox 515 2185 651 2270; x_wconf 82' lang='grc' dir='ltr'>πόθους</span> <span class='ocrx_word' id='word_1_133' title='bbox 663 2195 727 2266; x_wconf 84' lang='grc' dir='ltr'>τοῦ</span> <span class='ocrx_word' id='word_1_134' title='bbox 746 2191 913 2286; x_wconf 83' lang='grc' dir='ltr'>Σωτῆρος</span> <span class='ocrx_word' id='word_1_135' title='bbox 929 2186 1030 2285; x_wconf 79' lang='grc' dir='ltr'>ἡμῶν</span> <span class='ocrx_word' id='word_1_136' title='bbox 1047 2184 1316 2282; x_wconf 78' lang='grc' dir='ltr'>ἐπιτελουμένης</span> 
     </span>
     <span class='ocr_line' id='line_1_17' title="bbox 217 2309 1317 2416; baseline -0.005 -24"><span class='ocrx_word' id='word_1_137' title='bbox 217 2312 275 2392; x_wconf 84' lang='grc' dir='ltr'>διὰ</span> <span class='ocrx_word' id='word_1_138' title='bbox 304 2311 369 2413; x_wconf 82' lang='grc' dir='ltr'>τὴν</span> <span class='ocrx_word' id='word_1_139' title='bbox 397 2313 505 2393; x_wconf 82' lang='grc' dir='ltr'>είσέτι</span> <span class='ocrx_word' id='word_1_140' title='bbox 532 2312 612 2392; x_wconf 92' lang='grc' dir='ltr'>τότε</span> <span class='ocrx_word' id='word_1_141' title='bbox 640 2313 686 2393; x_wconf 80' lang='grc' dir='ltr'>τὰ</span> <span class='ocrx_word' id='word_1_142' title='bbox 713 2320 784 2392; x_wconf 79' lang='grc' dir='ltr'>τῶν</span> <span class='ocrx_word' id='word_1_143' title='bbox 813 2314 925 2412; x_wconf 83' lang='grc' dir='ltr'>ἁγίων</span> <span class='ocrx_word' id='word_1_144' title='bbox 952 2309 1072 2391; x_wconf 89' lang='grc' dir='ltr'>τόπων</span> <span class='ocrx_word' id='word_1_145' title='bbox 1100 2313 1317 2416; x_wconf 68' lang='grc' dir='ltr'>7ἐφορῶσαν</span> 
     </span>
     <span class='ocr_line' id='line_1_18' title="bbox 219 2435 1338 2545; baseline -0.007 -24"><span class='ocrx_word' id='word_1_146' title='bbox 219 2441 376 2541; x_wconf 78' lang='grc' dir='ltr'>δύναμιν,</span> <span class='ocrx_word' id='word_1_147' title='bbox 394 2444 672 2545; x_wconf 86' lang='grc' dir='ltr'>περιαιρεθείσης</span> <span class='ocrx_word' id='word_1_148' title='bbox 703 2441 740 2521; x_wconf 84' lang='grc' dir='ltr'>δέ</span> <span class='ocrx_word' id='word_1_149' title='bbox 768 2441 893 2520; x_wconf 81' lang='grc' dir='ltr'>αὐτίκα</span> <span class='ocrx_word' id='word_1_150' title='bbox 918 2436 1007 2537; x_wconf 79' lang='grc' dir='ltr'>μετὰ</span> <span class='ocrx_word' id='word_1_151' title='bbox 1035 2435 1100 2536; x_wconf 84' lang='grc' dir='ltr'>τὴν</span> <span class='ocrx_word' id='word_1_152' title='bbox 1126 2437 1235 2516; x_wconf 80' lang='grc' dir='ltr'>αὐτοῦ</span> <span class='ocrx_word' id='word_1_153' title='bbox 1261 2471 1338 2522; x_wconf 69' lang='grc' dir='ltr'>Ιτε-5</span> 
     </span>
     <span class='ocr_line' id='line_1_19' title="bbox 219 2560 1318 2672; baseline -0.008 -25"><span class='ocrx_word' id='word_1_154' title='bbox 219 2570 319 2648; x_wconf 90' lang='grc' dir='ltr'>λείαν</span> <span class='ocrx_word' id='word_1_155' title='bbox 334 2572 392 2647; x_wconf 82' lang='grc' dir='ltr'>καὶ</span> <span class='ocrx_word' id='word_1_156' title='bbox 411 2573 589 2672; x_wconf 83' lang='grc' dir='ltr'>θεοπρεπῆ</span> <span class='ocrx_word' id='word_1_157' title='bbox 604 2569 744 2664; x_wconf 90' lang='grc' dir='ltr'>θυσίαν,</span> <span class='ocrx_word' id='word_1_158' title='bbox 757 2566 802 2665; x_wconf 83' lang='grc' dir='ltr'>ἢν</span> <span class='ocrx_word' id='word_1_159' title='bbox 814 2563 1060 2670; x_wconf 83' lang='grc' dir='ltr'>προσήνεγκεν</span> <span class='ocrx_word' id='word_1_160' title='bbox 1075 2561 1179 2646; x_wconf 80' lang='grc' dir='ltr'>αι’ττδς</span> <span class='ocrx_word' id='word_1_161' title='bbox 1193 2560 1318 2643; x_wconf 77' lang='grc' dir='ltr'>ἑαυτὸν</span> 
     </span>
     <span class='ocr_line' id='line_1_20' title="bbox 221 2687 1315 2798; baseline -0.008 -24"><span class='ocrx_word' id='word_1_162' title='bbox 221 2693 307 2797; x_wconf 73' lang='grc' dir='ltr'>ὑπὲρ</span> <span class='ocrx_word' id='word_1_163' title='bbox 334 2701 407 2774; x_wconf 81' lang='grc' dir='ltr'>τῶν</span> <span class='ocrx_word' id='word_1_164' title='bbox 435 2697 616 2798; x_wconf 80' lang='grc' dir='ltr'>ἁμαρτιῶν</span> <span class='ocrx_word' id='word_1_165' title='bbox 643 2695 755 2795; x_wconf 80' lang='grc' dir='ltr'>ἡμῶν,</span> <span class='ocrx_word' id='word_1_166' title='bbox 778 2693 879 2777; x_wconf 70' lang='grc' dir='ltr'>αὐτός</span> <span class='ocrx_word' id='word_1_167' title='bbox 908 2687 949 2770; x_wconf 68' lang='lat' dir='ltr'>ab</span> <span class='ocrx_word' id='word_1_168' title='bbox 975 2699 989 2771; x_wconf 78' lang='grc' dir='ltr'><strong><em>ὁ</em></strong></span> <span class='ocrx_word' id='word_1_169' title='bbox 1012 2689 1118 2794; x_wconf 76' lang='grc' dir='ltr'>ιἰμνδς</span> <span class='ocrx_word' id='word_1_170' title='bbox 1141 2690 1195 2768; x_wconf 70' lang='grc' dir='ltr'>τοῦ</span> <span class='ocrx_word' id='word_1_171' title='bbox 1220 2690 1315 2777; x_wconf 73' lang='grc' dir='ltr'>Θεοῦ,</span> 
     </span>
    </p>

    <p class='ocr_par' dir='ltr' id='par_1_7' title="bbox 571 2869 964 2944">
     <span class='ocr_line' id='line_1_21' title="bbox 571 2869 964 2944; baseline -0.005 -21"><span class='ocrx_word' id='word_1_172' title='bbox 571 2878 584 2917; x_wconf 81' lang='lat' dir='ltr'>l&#39;</span> <span class='ocrx_word' id='word_1_173' title='bbox 599 2870 762 2944; x_wconf 82' lang='grc' dir='ltr'>ἐφοροῦσον]</span> <span class='ocrx_word' id='word_1_174' title='bbox 781 2871 920 2942; x_wconf 82' lang='grc' dir='ltr'>ἐφορῶσαν</span> <span class='ocrx_word' id='word_1_175' title='bbox 935 2869 964 2922; x_wconf 86' lang='grc' dir='ltr'>Ρ.</span> 
     </span>
    </p>
   </div>
   <div class='ocr_carea' id='block_1_5' title="bbox 216 3011 1320 4374">
    <p class='ocr_par' dir='ltr' id='par_1_8' title="bbox 216 3011 1320 4374">
     <span class='ocr_line' id='line_1_22' title="bbox 219 3011 1315 3088; baseline -0.001 -20"><span class='ocrx_word' id='word_1_176' title='bbox 219 3011 337 3068; x_wconf 87' lang='lat' dir='ltr'><strong>minatio</strong></span> <span class='ocrx_word' id='word_1_177' title='bbox 352 3013 543 3080; x_wconf 79' lang='lat' dir='ltr'>desolationis,</span> <span class='ocrx_word' id='word_1_178' title='bbox 559 3012 713 3068; x_wconf 79' lang='lat' dir='ltr'><strong>seeundum</strong></span> <span class='ocrx_word' id='word_1_179' title='bbox 733 3031 795 3069; x_wconf 91' lang='lat' dir='ltr'><strong>eam</strong></span> <span class='ocrx_word' id='word_1_180' title='bbox 816 3032 878 3088; x_wconf 82' lang='lat' dir='ltr'>quoe</span> <span class='ocrx_word' id='word_1_181' title='bbox 899 3032 976 3071; x_wconf 88' lang='lat' dir='ltr'><strong>nunc</strong></span> <span class='ocrx_word' id='word_1_182' title='bbox 997 3013 1026 3069; x_wconf 93' lang='lat' dir='ltr'>in</span> <span class='ocrx_word' id='word_1_183' title='bbox 1045 3012 1174 3068; x_wconf 83' lang='lat' dir='ltr'><strong>manibus</strong></span> <span class='ocrx_word' id='word_1_184' title='bbox 1192 3019 1236 3068; x_wconf 85' lang='lat' dir='ltr'><strong>eat</strong></span> <span class='ocrx_word' id='word_1_185' title='bbox 1250 3030 1315 3087; x_wconf 85' lang='lat' dir='ltr'><strong>pro·</strong></span> 
     </span>
     <span class='ocr_line' id='line_1_23' title="bbox 219 3091 1316 3168; baseline 0 -20"><span class='ocrx_word' id='word_1_186' title='bbox 219 3091 354 3166; x_wconf 84' lang='lat' dir='ltr'><strong>phetiam,</strong></span> <span class='ocrx_word' id='word_1_187' title='bbox 368 3093 397 3149; x_wconf 90' lang='lat' dir='ltr'>in</span> <span class='ocrx_word' id='word_1_188' title='bbox 411 3093 475 3150; x_wconf 89' lang='lat' dir='ltr'><strong>loco</strong></span> <span class='ocrx_word' id='word_1_189' title='bbox 489 3093 537 3148; x_wconf 94' lang='lat' dir='ltr'><strong>illo</strong></span> <span class='ocrx_word' id='word_1_190' title='bbox 551 3101 648 3150; x_wconf 78' lang='lat' dir='ltr'><strong>secuta</strong></span> <span class='ocrx_word' id='word_1_191' title='bbox 665 3102 719 3149; x_wconf 83' lang='lat' dir='ltr'><strong>est.</strong></span> <span class='ocrx_word' id='word_1_192' title='bbox 762 3093 848 3162; x_wconf 89' lang='lat' dir='ltr'><strong>Quod</strong></span> <span class='ocrx_word' id='word_1_193' title='bbox 869 3094 893 3150; x_wconf 81' lang='lat' dir='ltr'>si</span> <span class='ocrx_word' id='word_1_194' title='bbox 914 3113 965 3168; x_wconf 89' lang='lat' dir='ltr'>per</span> <span class='ocrx_word' id='word_1_195' title='bbox 985 3093 1098 3167; x_wconf 83' lang='lat' dir='ltr'><strong>aliquod</strong></span> <span class='ocrx_word' id='word_1_196' title='bbox 1119 3100 1231 3167; x_wconf 84' lang='lat' dir='ltr'><strong>tempus</strong></span> <span class='ocrx_word' id='word_1_197' title='bbox 1251 3110 1316 3168; x_wconf 90' lang='lat' dir='ltr'><strong>per·</strong></span> 
     </span>
     <span class='ocr_line' id='line_1_24' title="bbox 219 3172 1316 3248; baseline 0 -20"><span class='ocrx_word' id='word_1_198' title='bbox 219 3191 334 3229; x_wconf 84' lang='lat' dir='ltr'><strong>manere</strong></span> <span class='ocrx_word' id='word_1_199' title='bbox 347 3173 408 3229; x_wconf 79' lang='lat' dir='ltr'><strong>visa</strong></span> <span class='ocrx_word' id='word_1_200' title='bbox 422 3183 488 3231; x_wconf 77' lang='lat' dir='ltr'><strong>sunt</strong></span> <span class='ocrx_word' id='word_1_201' title='bbox 506 3193 540 3230; x_wconf 87' lang='lat' dir='ltr'><strong>ea</strong></span> <span class='ocrx_word' id='word_1_202' title='bbox 559 3192 620 3248; x_wconf 84' lang='lat' dir='ltr'>quae</span> <span class='ocrx_word' id='word_1_203' title='bbox 635 3174 670 3229; x_wconf 91' lang='lat' dir='ltr'><strong>ad</strong></span> <span class='ocrx_word' id='word_1_204' title='bbox 686 3173 862 3230; x_wconf 84' lang='lat' dir='ltr'><strong>functionem</strong></span> <span class='ocrx_word' id='word_1_205' title='bbox 882 3174 958 3231; x_wconf 89' lang='lat' dir='ltr'><strong>illam</strong></span> <span class='ocrx_word' id='word_1_206' title='bbox 979 3175 1009 3230; x_wconf 92' lang='lat' dir='ltr'>in</span> <span class='ocrx_word' id='word_1_207' title='bbox 1022 3175 1072 3230; x_wconf 83' lang='lat' dir='ltr'><strong>tali</strong></span> <span class='ocrx_word' id='word_1_208' title='bbox 1086 3175 1150 3231; x_wconf 91' lang='lat' dir='ltr'><strong>loeo</strong></span> <span class='ocrx_word' id='word_1_209' title='bbox 1164 3172 1316 3247; x_wconf 83' lang='lat' dir='ltr'><strong>pertinent,</strong></span> 
     </span>
     <span class='ocr_line' id='line_1_25' title="bbox 219 3253 1317 3329; baseline 0.001 -20"><span class='ocrx_word' id='word_1_210' title='bbox 219 3271 278 3309; x_wconf 93' lang='lat' dir='ltr'>non</span> <span class='ocrx_word' id='word_1_211' title='bbox 292 3261 387 3310; x_wconf 86' lang='lat' dir='ltr'><strong>tamen</strong></span> <span class='ocrx_word' id='word_1_212' title='bbox 408 3254 507 3310; x_wconf 88' lang='lat' dir='ltr'><strong>eadem</strong></span> <span class='ocrx_word' id='word_1_213' title='bbox 528 3254 648 3329; x_wconf 82' lang='lat' dir='ltr'><strong>amplius</strong></span> <span class='ocrx_word' id='word_1_214' title='bbox 669 3262 752 3327; x_wconf 85' lang='lat' dir='ltr'><strong>grata</strong></span> <span class='ocrx_word' id='word_1_215' title='bbox 765 3254 827 3310; x_wconf 87' lang='lat' dir='ltr'>Deo</span> <span class='ocrx_word' id='word_1_216' title='bbox 847 3255 970 3320; x_wconf 85' lang='lat' dir='ltr'><strong>fuerunt,</strong></span> <span class='ocrx_word' id='word_1_217' title='bbox 985 3254 1087 3328; x_wconf 82' lang='lat' dir='ltr'><strong>quippe</strong></span> <span class='ocrx_word' id='word_1_218' title='bbox 1106 3273 1192 3328; x_wconf 91' lang='lat' dir='ltr'><strong>quum</strong></span> <span class='ocrx_word' id='word_1_219' title='bbox 1213 3263 1242 3309; x_wconf 89' lang='lat' dir='ltr'>et</span> <span class='ocrx_word' id='word_1_220' title='bbox 1256 3253 1317 3311; x_wconf 83' lang='lat' dir='ltr'><strong>uine</strong></span> 
     </span>
     <span class='ocr_line' id='line_1_26' title="bbox 216 3332 1317 3408; baseline -0.002 -18"><span class='ocrx_word' id='word_1_221' title='bbox 216 3333 325 3406; x_wconf 85' lang='lat' dir='ltr'><strong>judicio</strong></span> <span class='ocrx_word' id='word_1_222' title='bbox 347 3343 376 3390; x_wconf 88' lang='lat' dir='ltr'>et</span> <span class='ocrx_word' id='word_1_223' title='bbox 395 3343 499 3408; x_wconf 81' lang='lat' dir='ltr'><strong>proeter</strong></span> <span class='ocrx_word' id='word_1_224' title='bbox 517 3334 597 3408; x_wconf 76' lang='lat' dir='ltr'><strong>leges</strong></span> <span class='ocrx_word' id='word_1_225' title='bbox 619 3334 835 3390; x_wconf 80' lang='lat' dir='ltr'><strong>celebrarentur.</strong></span> <span class='ocrx_word' id='word_1_226' title='bbox 877 3333 959 3391; x_wconf 87' lang='lat' dir='ltr'><strong>Sicut</strong></span> <span class='ocrx_word' id='word_1_227' title='bbox 979 3335 1055 3391; x_wconf 88' lang='lat' dir='ltr'><strong>enim</strong></span> <span class='ocrx_word' id='word_1_228' title='bbox 1075 3343 1168 3398; x_wconf 85' lang='lat' dir='ltr'><strong>antea,</strong></span> <span class='ocrx_word' id='word_1_229' title='bbox 1184 3332 1317 3390; x_wconf 86' lang='lat' dir='ltr'><strong>unctione</strong></span> 
     </span>
     <span class='ocr_line' id='line_1_27' title="bbox 220 3411 1318 3490; baseline -0.003 -20"><span class='ocrx_word' id='word_1_230' title='bbox 220 3413 334 3479; x_wconf 82' lang='lat' dir='ltr'><strong>abolita,</strong></span> <span class='ocrx_word' id='word_1_231' title='bbox 353 3423 383 3471; x_wconf 89' lang='grc' dir='ltr'>ει</span> <span class='ocrx_word' id='word_1_232' title='bbox 402 3415 536 3490; x_wconf 79' lang='lat' dir='ltr'><strong>legitimi·</strong></span> <span class='ocrx_word' id='word_1_233' title='bbox 558 3433 594 3471; x_wconf 88' lang='lat' dir='ltr'>ex</span> <span class='ocrx_word' id='word_1_234' title='bbox 618 3413 785 3470; x_wconf 77' lang='lat' dir='ltr'><strong>succedendi</strong></span> <span class='ocrx_word' id='word_1_235' title='bbox 809 3414 880 3470; x_wconf 74' lang='lat' dir='ltr'><strong>serie</strong></span> <span class='ocrx_word' id='word_1_236' title='bbox 901 3413 1080 3489; x_wconf 85' lang='lat' dir='ltr'><strong>pontificibus</strong></span> <span class='ocrx_word' id='word_1_237' title='bbox 1101 3421 1167 3486; x_wconf 80' lang='lat' dir='ltr'><strong>pout</strong></span> <span class='ocrx_word' id='word_1_238' title='bbox 1189 3411 1318 3486; x_wconf 77' lang='lat' dir='ltr'><strong>Hyrcani</strong></span> 
     </span>
     <span class='ocr_line' id='line_1_28' title="bbox 220 3491 1318 3570; baseline -0.004 -20"><span class='ocrx_word' id='word_1_239' title='bbox 220 3493 365 3550; x_wconf 86' lang='lat' dir='ltr'><strong>interitum</strong></span> <span class='ocrx_word' id='word_1_240' title='bbox 380 3495 534 3570; x_wconf 68' lang='lat' dir='ltr'><strong>abrogans,</strong></span> <span class='ocrx_word' id='word_1_241' title='bbox 549 3495 597 3569; x_wconf 89' lang='lat' dir='ltr'>qni</span> <span class='ocrx_word' id='word_1_242' title='bbox 611 3493 729 3568; x_wconf 81' lang='lat' dir='ltr'><strong>posthac</strong></span> <span class='ocrx_word' id='word_1_243' title='bbox 744 3493 804 3550; x_wconf 84' lang='lat' dir='ltr'><strong>aine</strong></span> <span class='ocrx_word' id='word_1_244' title='bbox 819 3494 916 3550; x_wconf 89' lang='lat' dir='ltr'><strong>ordine</strong></span> <span class='ocrx_word' id='word_1_245' title='bbox 931 3502 960 3550; x_wconf 86' lang='lat' dir='ltr'>et</span> <span class='ocrx_word' id='word_1_246' title='bbox 974 3501 1076 3567; x_wconf 87' lang='lat' dir='ltr'><strong>praeter</strong></span> <span class='ocrx_word' id='word_1_247' title='bbox 1092 3493 1171 3566; x_wconf 81' lang='lat' dir='ltr'><strong>leges</strong></span> <span class='ocrx_word' id='word_1_248' title='bbox 1193 3492 1229 3548; x_wconf 87' lang='lat' dir='ltr'><strong>ad</strong></span> <span class='ocrx_word' id='word_1_249' title='bbox 1248 3491 1318 3546; x_wconf 91' lang='lat' dir='ltr'><strong>illud</strong></span> 
     </span>
     <span class='ocr_line' id='line_1_29' title="bbox 220 3571 1317 3648; baseline -0.004 -18"><span class='ocrx_word' id='word_1_250' title='bbox 220 3593 323 3632; x_wconf 83' lang='lat' dir='ltr'><strong>munus</strong></span> <span class='ocrx_word' id='word_1_251' title='bbox 337 3576 518 3638; x_wconf 88' lang='lat' dir='ltr'><strong>accedebant.</strong></span> <span class='ocrx_word' id='word_1_252' title='bbox 535 3575 703 3632; x_wconf 87' lang='lat' dir='ltr'><strong>videbantur</strong></span> <span class='ocrx_word' id='word_1_253' title='bbox 716 3573 755 3630; x_wconf 91' lang='lat' dir='ltr'><strong>illi</strong></span> <span class='ocrx_word' id='word_1_254' title='bbox 770 3574 882 3648; x_wconf 87' lang='lat' dir='ltr'><strong>quidem</strong></span> <span class='ocrx_word' id='word_1_255' title='bbox 897 3573 1001 3647; x_wconf 84' lang='lat' dir='ltr'><strong>aliquid</strong></span> <span class='ocrx_word' id='word_1_256' title='bbox 1018 3573 1120 3636; x_wconf 83' lang='lat' dir='ltr'><strong>faeere,</strong></span> <span class='ocrx_word' id='word_1_257' title='bbox 1135 3580 1164 3628; x_wconf 91' lang='grc' dir='ltr'>ει</span> <span class='ocrx_word' id='word_1_258' title='bbox 1177 3579 1273 3627; x_wconf 86' lang='lat' dir='ltr'><strong>tamen</strong></span> <span class='ocrx_word' id='word_1_259' title='bbox 1286 3571 1317 3627; x_wconf 93' lang='lat' dir='ltr'>id</span> 
     </span>
     <span class='ocr_line' id='line_1_30' title="bbox 220 3651 1315 3730; baseline -0.005 -20"><span class='ocrx_word' id='word_1_260' title='bbox 220 3655 298 3712; x_wconf 91' lang='lat' dir='ltr'><strong>nullo</strong></span> <span class='ocrx_word' id='word_1_261' title='bbox 319 3656 450 3713; x_wconf 82' lang='lat' dir='ltr'>laudabili</span> <span class='ocrx_word' id='word_1_262' title='bbox 470 3656 600 3713; x_wconf 81' lang='lat' dir='ltr'><strong>instituto</strong></span> <span class='ocrx_word' id='word_1_263' title='bbox 621 3656 803 3729; x_wconf 74' lang='lat' dir='ltr'><strong>praestabant,</strong></span> <span class='ocrx_word' id='word_1_264' title='bbox 820 3663 937 3730; x_wconf 85' lang='lat' dir='ltr'><strong>propter</strong></span> <span class='ocrx_word' id='word_1_265' title='bbox 958 3673 1028 3728; x_wconf 80' lang='lat' dir='ltr'><strong>quon</strong></span> <span class='ocrx_word' id='word_1_266' title='bbox 1053 3653 1138 3709; x_wconf 89' lang='lat' dir='ltr'><strong>etiam</strong></span> <span class='ocrx_word' id='word_1_267' title='bbox 1159 3651 1232 3708; x_wconf 82' lang='lat' dir='ltr'>dixit</span> <span class='ocrx_word' id='word_1_268' title='bbox 1251 3669 1315 3724; x_wconf 84' lang='lat' dir='ltr'><strong>pro-</strong></span> 
     </span>
     <span class='ocr_line' id='line_1_31' title="bbox 222 3731 1318 3810; baseline -0.004 -19"><span class='ocrx_word' id='word_1_269' title='bbox 222 3735 325 3809; x_wconf 84' lang='lat' dir='ltr'><strong>phetia,</strong></span> <span class='ocrx_word' id='word_1_270' title='bbox 338 3737 438 3810; x_wconf 77' lang='lat' dir='ltr'><strong>peribit</strong></span> <span class='ocrx_word' id='word_1_271' title='bbox 452 3739 552 3800; x_wconf 81' lang='lat' dir='ltr'><strong>unctio,</strong></span> <span class='ocrx_word' id='word_1_272' title='bbox 568 3745 595 3792; x_wconf 88' lang='grc' dir='ltr'>ει</span> <span class='ocrx_word' id='word_1_273' title='bbox 608 3734 740 3807; x_wconf 80' lang='lat' dir='ltr'><strong>judicium</strong></span> <span class='ocrx_word' id='word_1_274' title='bbox 756 3754 809 3790; x_wconf 84' lang='lat' dir='ltr'>non</span> <span class='ocrx_word' id='word_1_275' title='bbox 823 3744 861 3791; x_wconf 79' lang='lat' dir='ltr'>ent</span> <span class='ocrx_word' id='word_1_276' title='bbox 876 3737 903 3791; x_wconf 82' lang='lat' dir='ltr'>in</span> <span class='ocrx_word' id='word_1_277' title='bbox 917 3754 960 3798; x_wconf 87' lang='grc' dir='ltr'>εα,</span> <span class='ocrx_word' id='word_1_278' title='bbox 975 3733 1078 3790; x_wconf 82' lang='lat' dir='ltr'><strong>talibus</strong></span> <span class='ocrx_word' id='word_1_279' title='bbox 1098 3731 1211 3787; x_wconf 86' lang='lat' dir='ltr'><strong>interim</strong></span> <span class='ocrx_word' id='word_1_280' title='bbox 1225 3731 1318 3787; x_wconf 84' lang='lat' dir='ltr'><strong>verbis</strong></span> 
     </span>
     <span class='ocr_line' id='line_1_32' title="bbox 217 3812 1319 3890; baseline -0.005 -18"><span class='ocrx_word' id='word_1_281' title='bbox 217 3815 387 3890; x_wconf 86' lang='lat' dir='ltr'><strong>judiciorum</strong></span> <span class='ocrx_word' id='word_1_282' title='bbox 402 3817 554 3890; x_wconf 87' lang='lat' dir='ltr'><strong>legumque</strong></span> <span class='ocrx_word' id='word_1_283' title='bbox 567 3817 597 3872; x_wconf 92' lang='lat' dir='ltr'>in</span> <span class='ocrx_word' id='word_1_284' title='bbox 614 3816 669 3872; x_wconf 85' lang='lat' dir='ltr'><strong>illis</strong></span> <span class='ocrx_word' id='word_1_285' title='bbox 688 3825 882 3890; x_wconf 84' lang='lat' dir='ltr'><strong>contemptum</strong></span> <span class='ocrx_word' id='word_1_286' title='bbox 904 3833 1055 3872; x_wconf 84' lang='lat' dir='ltr'><strong>accusans:</strong></span> <span class='ocrx_word' id='word_1_287' title='bbox 1077 3813 1116 3868; x_wconf 81' lang='lat' dir='ltr'><strong>ita</strong></span> <span class='ocrx_word' id='word_1_288' title='bbox 1138 3812 1223 3868; x_wconf 89' lang='lat' dir='ltr'><strong>etiam</strong></span> <span class='ocrx_word' id='word_1_289' title='bbox 1244 3812 1319 3867; x_wconf 86' lang='lat' dir='ltr'><strong>eirca</strong></span> 
     </span>
     <span class='ocr_line' id='line_1_33' title="bbox 220 3892 1319 3971; baseline -0.005 -20"><span class='ocrx_word' id='word_1_290' title='bbox 220 3895 383 3954; x_wconf 80' lang='lat' dir='ltr'><strong>libationem</strong></span> <span class='ocrx_word' id='word_1_291' title='bbox 399 3908 428 3954; x_wconf 91' lang='lat' dir='ltr'>et</span> <span class='ocrx_word' id='word_1_292' title='bbox 441 3897 608 3954; x_wconf 74' lang='lat' dir='ltr'><strong>sacrificium</strong></span> <span class='ocrx_word' id='word_1_293' title='bbox 624 3896 779 3971; x_wconf 77' lang='lat' dir='ltr'><strong>contigisse</strong></span> <span class='ocrx_word' id='word_1_294' title='bbox 798 3896 959 3960; x_wconf 83' lang='lat' dir='ltr'><strong>affirmabis,</strong></span> <span class='ocrx_word' id='word_1_295' title='bbox 975 3913 1036 3969; x_wconf 84' lang='lat' dir='ltr'>quae</span> <span class='ocrx_word' id='word_1_296' title='bbox 1057 3900 1133 3950; x_wconf 87' lang='lat' dir='ltr'><strong>reete</strong></span> <span class='ocrx_word' id='word_1_297' title='bbox 1155 3892 1267 3966; x_wconf 88' lang='lat' dir='ltr'><strong>quidem</strong></span> <span class='ocrx_word' id='word_1_298' title='bbox 1289 3901 1319 3947; x_wconf 88' lang='lat' dir='ltr'>et</span> 
     </span>
     <span class='ocr_line' id='line_1_34' title="bbox 221 3974 1319 4052; baseline -0.006 -18"><span class='ocrx_word' id='word_1_299' title='bbox 221 3977 333 4052; x_wconf 82' lang='lat' dir='ltr'><strong>exlege</strong></span> <span class='ocrx_word' id='word_1_300' title='bbox 350 3985 500 4051; x_wconf 85' lang='lat' dir='ltr'><strong>antequam</strong></span> <span class='ocrx_word' id='word_1_301' title='bbox 523 3977 653 4034; x_wconf 80' lang='lat' dir='ltr'><strong>Salvator</strong></span> <span class='ocrx_word' id='word_1_302' title='bbox 673 3989 772 4034; x_wconf 83' lang='lat' dir='ltr'><strong>noster</strong></span> <span class='ocrx_word' id='word_1_303' title='bbox 792 3977 829 4032; x_wconf 76' lang='lat' dir='ltr'><strong>ait</strong></span> <span class='ocrx_word' id='word_1_304' title='bbox 849 3995 948 4052; x_wconf 82' lang='lat' dir='ltr'><strong>passus</strong></span> <span class='ocrx_word' id='word_1_305' title='bbox 969 3974 1183 4032; x_wconf 84' lang='lat' dir='ltr'><strong>celebrabantur</strong></span> <span class='ocrx_word' id='word_1_306' title='bbox 1203 3981 1319 4047; x_wconf 86' lang='lat' dir='ltr'><strong>propter</strong></span> 
     </span>
     <span class='ocr_line' id='line_1_35' title="bbox 221 4055 1317 4132; baseline -0.004 -19"><span class='ocrx_word' id='word_1_307' title='bbox 221 4057 354 4114; x_wconf 81' lang='lat' dir='ltr'><strong>virtutem</strong></span> <span class='ocrx_word' id='word_1_308' title='bbox 368 4058 444 4115; x_wconf 82' lang='lat' dir='ltr'><strong>illam</strong></span> <span class='ocrx_word' id='word_1_309' title='bbox 459 4078 522 4132; x_wconf 86' lang='lat' dir='ltr'>quae</span> <span class='ocrx_word' id='word_1_310' title='bbox 536 4058 572 4114; x_wconf 87' lang='lat' dir='ltr'><strong>ad</strong></span> <span class='ocrx_word' id='word_1_311' title='bbox 585 4058 655 4114; x_wconf 93' lang='lat' dir='ltr'><strong>illud</strong></span> <span class='ocrx_word' id='word_1_312' title='bbox 669 4077 757 4132; x_wconf 83' lang='lat' dir='ltr'><strong>nsque</strong></span> <span class='ocrx_word' id='word_1_313' title='bbox 771 4065 883 4131; x_wconf 84' lang='lat' dir='ltr'><strong>tempus</strong></span> <span class='ocrx_word' id='word_1_314' title='bbox 904 4056 959 4113; x_wconf 90' lang='lat' dir='ltr'>Ioci</span> <span class='ocrx_word' id='word_1_315' title='bbox 980 4055 1157 4112; x_wconf 81' lang='lat' dir='ltr'><strong>sanctitatem</strong></span> <span class='ocrx_word' id='word_1_316' title='bbox 1177 4055 1317 4110; x_wconf 85' lang='lat' dir='ltr'><strong>tuebatur.</strong></span> 
     </span>
     <span class='ocr_line' id='line_1_36' title="bbox 222 4133 1319 4212; baseline -0.003 -20"><span class='ocrx_word' id='word_1_317' title='bbox 222 4133 365 4196; x_wconf 83' lang='lat' dir='ltr'><strong>Caeterum</strong></span> <span class='ocrx_word' id='word_1_318' title='bbox 379 4145 408 4196; x_wconf 90' lang='lat' dir='ltr'>et</span> <span class='ocrx_word' id='word_1_319' title='bbox 419 4139 529 4195; x_wconf 85' lang='lat' dir='ltr'><strong>sublata</strong></span> <span class='ocrx_word' id='word_1_320' title='bbox 543 4148 587 4195; x_wconf 80' lang='grc' dir='ltr'>εει</span> <span class='ocrx_word' id='word_1_321' title='bbox 597 4137 671 4194; x_wconf 91' lang='lat' dir='ltr'><strong>illico</strong></span> <span class='ocrx_word' id='word_1_322' title='bbox 686 4147 751 4211; x_wconf 82' lang='lat' dir='ltr'><strong>post</strong></span> <span class='ocrx_word' id='word_1_323' title='bbox 760 4138 834 4194; x_wconf 83' lang='lat' dir='ltr'><strong>illius</strong></span> <span class='ocrx_word' id='word_1_324' title='bbox 848 4136 1004 4212; x_wconf 85' lang='lat' dir='ltr'><strong>perfeetum</strong></span> <span class='ocrx_word' id='word_1_325' title='bbox 1016 4135 1132 4208; x_wconf 89' lang='lat' dir='ltr'><strong>Deoqne</strong></span> <span class='ocrx_word' id='word_1_326' title='bbox 1147 4134 1319 4191; x_wconf 78' lang='lat' dir='ltr'><strong>conveniens</strong></span> 
     </span>
     <span class='ocr_line' id='line_1_37' title="bbox 221 4215 1320 4294; baseline -0.005 -20"><span class='ocrx_word' id='word_1_327' title='bbox 221 4217 398 4284; x_wconf 72' lang='lat' dir='ltr'><strong>sacrificium,</strong></span> <span class='ocrx_word' id='word_1_328' title='bbox 413 4220 489 4294; x_wconf 90' lang='lat' dir='ltr'><strong>quod</strong></span> <span class='ocrx_word' id='word_1_329' title='bbox 503 4220 563 4293; x_wconf 79' lang='lat' dir='ltr'><strong>ipse</strong></span> <span class='ocrx_word' id='word_1_330' title='bbox 577 4219 701 4294; x_wconf 82' lang='lat' dir='ltr'><strong>seipsum</strong></span> <span class='ocrx_word' id='word_1_331' title='bbox 721 4237 773 4292; x_wconf 91' lang='lat' dir='ltr'>pro</span> <span class='ocrx_word' id='word_1_332' title='bbox 783 4217 910 4292; x_wconf 71' lang='lat' dir='ltr'><strong>peccatis</strong></span> <span class='ocrx_word' id='word_1_333' title='bbox 924 4216 1028 4274; x_wconf 75' lang='lat' dir='ltr'><strong>nostris</strong></span> <span class='ocrx_word' id='word_1_334' title='bbox 1042 4215 1151 4279; x_wconf 87' lang='lat' dir='ltr'><strong>obtulit,</strong></span> <span class='ocrx_word' id='word_1_335' title='bbox 1168 4233 1248 4287; x_wconf 85' lang='lat' dir='ltr'><strong>quum</strong></span> <span class='ocrx_word' id='word_1_336' title='bbox 1265 4215 1320 4287; x_wconf 82' lang='lat' dir='ltr'>ipse</span> 
     </span>
     <span class='ocr_line' id='line_1_38' title="bbox 220 4293 1319 4374; baseline -0.005 -21"><span class='ocrx_word' id='word_1_337' title='bbox 220 4305 288 4354; x_wconf 80' lang='lat' dir='ltr'><strong>erret</strong></span> <span class='ocrx_word' id='word_1_338' title='bbox 308 4299 356 4355; x_wconf 81' lang='lat' dir='ltr'><strong>ille</strong></span> <span class='ocrx_word' id='word_1_339' title='bbox 374 4299 532 4374; x_wconf 66' lang='grc' dir='ltr'>προσείλει</span> <span class='ocrx_word' id='word_1_340' title='bbox 554 4301 599 4372; x_wconf 80' lang='lat' dir='ltr'>qui</span> <span class='ocrx_word' id='word_1_341' title='bbox 616 4299 688 4356; x_wconf 82' lang='lat' dir='ltr'><strong>tollit</strong></span> <span class='ocrx_word' id='word_1_342' title='bbox 710 4307 823 4374; x_wconf 81' lang='grc' dir='ltr'>ρεεεοια</span> <span class='ocrx_word' id='word_1_343' title='bbox 839 4301 950 4356; x_wconf 80' lang='lat' dir='ltr'><strong>mundi:</strong></span> <span class='ocrx_word' id='word_1_344' title='bbox 974 4316 1030 4372; x_wconf 92' lang='lat' dir='ltr'>quo</span> <span class='ocrx_word' id='word_1_345' title='bbox 1050 4297 1163 4370; x_wconf 89' lang='lat' dir='ltr'><strong>quidem</strong></span> <span class='ocrx_word' id='word_1_346' title='bbox 1182 4293 1319 4350; x_wconf 76' lang='lat' dir='ltr'><strong>sacrificio</strong></span> 
     </span>
    </p>
   </div>
   <div class='ocr_carea' id='block_1_6' title="bbox 262 4413 841 4450">
    <p class='ocr_par' dir='ltr' id='par_1_9' title="bbox 262 4413 841 4450">
     <span class='ocr_line' id='line_1_39' title="bbox 262 4413 841 4450; baseline 0.003 -2"><span class='ocrx_word' id='word_1_347' title='bbox 262 4413 330 4450; x_wconf 75' lang='lat' dir='ltr'><strong>VOIa.</strong></span> <span class='ocrx_word' id='word_1_348' title='bbox 346 4414 382 4450; x_wconf 87' lang='lat'>11.</span> <span class='ocrx_word' id='word_1_349' title='bbox 791 4413 807 4450; x_wconf 91' lang='lat' dir='ltr'>O</span> <span class='ocrx_word' id='word_1_350' title='bbox 824 4413 841 4450; x_wconf 92' lang='lat'>0</span> 
     </span>
    </p>
   </div>
   <div class='ocr_carea' id='block_1_7' title="bbox 0 0 1584 4720">
    <p class='ocr_par' dir='ltr' id='par_1_10' title="bbox 0 0 1584 4720">
     <span class='ocr_line' id='line_1_40' title="bbox 0 0 1584 4720; baseline 0 0"><span class='ocrx_word' id='word_1_351' title='bbox 0 0 1584 4720; x_wconf 95' lang='lat' dir='ltr'> </span> 
     </span>
    </p>
   </div>
  </div>
 </body>
</html>
