3130 4722
36 283 84 293 -—
92 249 185 331 380.
450 251 678 318 DEMONST.
703 252 874 318 EVANG.
904 252 998 318 VIII.
1018 274 1044 316 1.
1243 257 1307 322 757

200 414 312 511 οἴνου,
336 413 424 517 ὅπερ
451 415 495 515 ἦν
522 425 586 497 τοῦ
613 417 760 515 αἵματος
789 419 897 496 antrat
924 417 1127 514 σύμβολον,
1148 415 1231 501 τοὺς
1258 424 1306 502 eit

199 539 269 619 τόν
287 539 442 621 θάνατον
459 543 568 620 αι’ντοῦ
585 542 862 645 βαπτιζομένους
880 544 938 622 καὶ
956 545 1013 622 ἐπὶ
1033 541 1074 622 τὸ
1093 541 1181 640 αἷμα
1198 544 1336 622 αι’ποῦὶ)

201 666 487 752 πεπιστευκότας
505 674 577 747 τῶν
595 667 710 749 πάλαι
733 676 853 748 κακῶν
875 670 1116 770 ἀποκαθαίρει,
1134 668 1302 748 ἀποπλό-

203 826 277 871 νωυ
295 794 412 872 αι’πῶν
431 796 489 873 καὶ
515 793 741 899 ἀποσμήχων
759 794 825 894 τὴν
846 794 1006 874 παλαιάν
1031 796 1148 875 αὐτῶν
1165 793 1306 893 στολὴν

204 923 262 998 καὶ
290 915 333 997 τό
359 919 603 1021 περιβόλαιον,
621 917 718 999 ὥστε
743 919 871 1004 αὐτοὺς
896 927 947 1027 τῷ
974 921 1077 1027 τιμόιρ
1098 920 1219 1018 αἵματι
1242 925 1328 1020 viss

204 1046 324 1126 ἐνθέου
349 1049 407 1126 καὶ
428 1052 667 1147 πνευματικῆς
684 1052 877 1153 σταφυλῆς
895 1053 947 1154 τῷ
967 1083 1006 1128 τε
1030 1051 1068 1126 ἐκ
1087 1052 1151 1147 τῆς
1168 1050 1303 1127 ἀποδο-

205 1173 328 1273 θείσης
353 1174 517 1271 ἀμπέλου
543 1173 626 1279 οἴνῳ
652 1174 939 1276 λελυτρωμένους
963 1174 1217 1253 ἀποδύσασθαι
1241 1173 1306 1271 μὲν

203 1296 267 1379 τόν
290 1297 448 1380 παλαιὸν
475 1299 665 1402 ἀνθρωπου
683 1298 753 1378 σὺν
771 1307 849 1383 ταῖς
865 1297 1045 1405 πράξεσιν
1064 1301 1182 1396 αὐτοῦ,
1200 1297 1303 1378 ἐνδό-

203 1431 344 1505 σασθαι
369 1423 407 1505 δὲ
434 1422 499 1504 τόν
527 1424 606 1503 νεόν
632 1422 695 1505 τόν
721 1423 1017 1522 ἀνακαινούμενον
1044 1431 1092 1507 εὶς
1112 1425 1305 1525 ἐπίγνωσιν
1315 1458 1344 1493 ¹0

157 1579 195 1640 78
203 1550 280 1630 κατ’
300 1547 416 1630 εἰκόνα
435 1558 497 1630 τοῦ
521 1551 721 1635 κτίσαντος.
784 1551 856 1628 Καὶ
879 1547 932 1646 τὸ,
954 1559 1127 1653 χαριτοιοὶ
1155 1553 1255 1630 αὑτοῦ
1278 1560 1305 1629 οἱ

202 1673 373 1781 ὄφθαλμιλ
402 1675 473 1756 ἀπὶ
508 1675 595 1756 οἴνου·
631 1679 702 1754 Kal
729 1674 783 1772 τό,
810 1680 922 1754 λευκοὶ
952 1683 979 1754 οἱ
1008 1668 1130 1759 όάόντες
1157 1676 1257 1753 αὑτοῦ
1284 1672 1327 1768 ic

200 1799 318 1902 γάλα,
337 1799 449 1881 πόλιν
473 1799 682 1904 ἀπορρήτοις
701 1806 765 1901 τῆς
782 1805 902 1901 καινῆς
922 1808 986 1880 τοῦ
1014 1804 1180 1902 Σωτῆρος
1202 1801 1303 1898 ἡμῶν

202 1923 370 2025 διαθήκης
397 1924 442 2004 rui
468 1927 650 2030 μυστήρια
679 1928 834 2029 ἡγοῦμαι
864 1927 1049 2032 περιέχειν.
1109 1925 1188 2026 Τὴν
1215 1937 1303 2027 γοῦν

202 2052 430 2159 εὐφροσύνην
447 2053 514 2154 τήν
532 2051 604 2133 ἀπό
622 2063 686 2134 τοῦ
704 2062 880 2153 μυστικοῦ
906 2053 1012 2149 οἴνου,
1033 2053 1075 2132 οὗ
1098 2053 1324 2155 παραδίδου-ς

201 2213 262 2258 κεν
284 2178 391 2262 αὐτὸς
411 2186 485 2263 τοῖς
510 2183 635 2260 ἑαυτοῦ
662 2186 837 2279 μαθιγταΐς
862 2179 1006 2276 ῑεῖπὼν,
1025 2178 1175 2275 Λάβετε,
1195 2183 1302 2278 τίετε,

201 2308 291 2386 roim
323 2308 388 2409 μῶ
419 2307 490 2385 ἐστι
520 2305 556 2387 τό
587 2304 680 2412 αἷμα
711 2307 748 2387 τό
781 2305 862 2414 όπέρ
894 2305 982 2412 ὑμάι
1018 2307 1226 2411 ε’κχυιόμειοι
1256 2315 1303 2392 εἰς

200 2429 324 2536 ἄφεσιν
356 2430 538 2536 ἀμαρτιιῧν·
577 2433 669 2511 τοῦτο
699 2437 822 2512 ποιεῖτε
853 2440 899 2516 εἰς
926 2430 979 2525 τήν
1006 2429 1083 2534 ε’μλι
1111 2429 1300 2537 ἀιάμιησιι,

201 2559 299 2635 δοκεῖ
311 2589 373 2652 μοι
390 2557 576 2655 σημαίνειν
594 2555 646 2653 τὸ,
665 2565 840 2664 χαριπιιάι
861 2567 888 2638 οἱ
909 2556 1082 2665 ὀφθαλμοὶ
1105 2560 1205 2636 αὐτοῦ
1225 2559 1298 2638 ἀπὶ
1311 2597 1340 2633 ιο

201 2682 288 2778 αἴνου,
307 2684 366 2761 καὶ
383 2680 436 2778 τὸ,
454 2692 566 2762 λευκοὶ
587 2692 614 2764 οἱ
633 2678 756 2769 idcirce
774 2686 874 2763 αὐτιῧ
893 2681 910 2776 ἢ
927 2684 1044 2784 γάλα,
1063 2679 1105 2761 τό
1130 2681 1328 2784 λαμπρόνά

160 2810 258 2897 merui
289 2805 447 2909 καθαρόν
478 2811 540 2906 τῆς
568 2807 838 2911 μυστηριῶδους
866 2813 1015 2914 τροφῆς.
1076 2806 1197 2886 Πάλιν
1226 2805 1298 2908 γὰρ

617 2967 742 3041 Χλέγειν]
758 2970 837 3024 εἰπὸν
852 2971 882 3024 Ρ.

198 3094 320 3152 αἰθυίαις
334 3095 500 3153 declaratur.
542 3095 597 3152 Per
609 3095 706 3152 riuum
727 3097 812 3161 enim,
828 3115 892 3172 que
911 3097 1057 3172 sanguinis
1070 3098 1144 3156 illius
1158 3106 1227 3155 nota
1239 3105 1293 3163 est,

199 3174 317 3249 eosqui
338 3176 367 3232 in
390 3183 483 3232 morte
504 3175 578 3232 illius
599 3176 785 3250 baptizentur,
806 3177 907 3252 quique
928 3177 957 3234 in
978 3179 1144 3254 sanguinem
1166 3179 1291 3252 ejusdem

197 3255 324 3319 credant,
339 3255 511 3312 aveteribus
530 3255 611 3312 melis
631 3266 781 3332 expurgat,
800 3266 899 3332 utpote
918 3257 965 3331 qui
986 3258 1081 3314 abluat
1100 3268 1129 3315 et
1147 3259 1293 3332 abstergat

196 3335 340 3409 antiquam
354 3353 452 3392 eorum
467 3335 569 3392 stolam
583 3344 612 3393 et
625 3335 751 3410 pallium.
787 3334 887 3410 Itaque
901 3337 1026 3410 pretioso
1040 3337 1177 3411 sunguine
1191 3337 1293 3393 diriuoe

195 3413 270 3471 illius
292 3423 322 3472 et
338 3416 374 3471 de
390 3414 491 3488 spiritu
510 3423 584 3472 nutae
607 3435 675 3480 urse,
690 3416 806 3490 ejusque
820 3415 885 3472 ritis
899 3415 975 3481 vino,
990 3415 1026 3472 de
1046 3435 1102 3489 qua
1122 3415 1228 3471 dictum
1249 3423 1295 3470 est

196 3511 289 3568 supra,
317 3494 465 3568 redempti,
490 3503 616 3552 veterem
642 3495 756 3568 quidem
783 3494 927 3552 hominem
955 3513 1019 3550 cum
1046 3494 1108 3567 ejus
1135 3493 1294 3550 actionibus

196 3582 345 3638 exuerunt,
355 3592 461 3630 norum
475 3582 570 3631 autem
589 3583 618 3632 et
637 3575 674 3631 ad
687 3575 881 3649 cognitionem
895 3572 1049 3630 secundum
1063 3572 1217 3646 Imaginem
1230 3571 1293 3646 ejus

197 3653 244 3726 qui
264 3653 371 3710 creavit
390 3655 579 3711 instauratum
599 3654 761 3712 induerunt.
803 3652 847 3710 At
868 3651 947 3717 illud,
967 3653 1084 3709 Gratioei
1105 3653 1176 3708 oculi
1196 3649 1254 3723 ορατ
1273 3670 1293 3708 ο

195 3735 268 3797 uiuo,
290 3740 320 3789 et
340 3732 418 3799 illud,
443 3732 507 3789 Alli
527 3736 621 3790 dentes
640 3733 699 3805 ejus
723 3740 755 3790 ut
779 3734 831 3797 loe,
853 3751 951 3790 rursus
971 3740 1105 3805 tanquam
1130 3732 1159 3786 in
1183 3729 1293 3786 arcanis

195 3813 288 3884 posite
314 3813 381 3869 novi
402 3813 565 3870 testamenti
589 3814 724 3888 mysteria
750 3813 989 3887 comprehendere
1011 3812 1142 3875 arbitror,
1166 3809 1295 3866 letitiam

195 3891 326 3948 videlicet
339 3893 451 3967 mystici
465 3891 539 3948 illius
548 3892 615 3956 vini,
626 3892 701 3966 quod
715 3893 773 3948 suia
786 3893 846 3966 ipse
857 3892 1001 3965 discipulis
1015 3891 1141 3966 porrexit
1152 3889 1293 3955 Selrator,

196 3989 281 4044 quum
296 3971 376 4035 dixit,
388 3974 518 4045 Achpite,
529 3973 618 4035 bibite,
630 3972 675 4028 lric
688 3979 730 4028 eat
743 3991 817 4029 meur
830 3975 948 4046 ιαιιρυὶι,
960 3974 1007 4046 qui
1017 3990 1070 4045 pro
1082 3972 1156 4028 υοόὶι
1159 3971 1295 4046 funditur

196 4053 223 4105 iu
246 4053 427 4108 remissionem
443 4058 627 4124 peccatorum.
671 4053 731 4108 Hoc
743 4051 837 4125 sorite
857 4054 885 4108 ιἰι
904 4069 991 4108 orcam
1010 4053 1294 4108 commemorationem.

197 4128 342 4203 Siquidem
361 4129 440 4198 illud,
459 4131 580 4186 Gratiosi
600 4131 672 4186 oculi
691 4128 749 4200 ejus
769 4149 787 4184 α
805 4133 877 4196 uiuo,
892 4137 919 4186 et
939 4131 996 4186 ulii
1016 4131 1108 4187 dentes
1126 4129 1187 4203 q'us
1199 4139 1228 4187 ut
1243 4130 1294 4196 loc,

197 4208 375 4283 splendorem
403 4209 613 4285 puritatemque
644 4209 756 4284 mystici
783 4208 858 4264 illius
884 4207 1011 4264 alimenti
1039 4209 1109 4266 mihi
1137 4209 1295 4284 significare

196 4287 316 4346 videtur.
347 4289 457 4346 Rursus
471 4289 546 4346 enim
561 4288 621 4363 ipse
635 4288 853 4362 dispensationis
868 4286 969 4345 divine
983 4295 1067 4345 notas
1081 4289 1139 4345 suis
1152 4287 1296 4361 discipulis
