3144 4720
57 285 178 351 —391.
419 269 647 338 DEMONST.
670 271 840 336 EVANG.
864 269 966 336 VIII.
979 289 1007 335 2.
1227 271 1291 338 779

188 433 271 514 ἄνευ
289 431 367 535 Ιτῆς
391 437 485 520 θείας
510 438 693 522 ἐπιπνοίας
714 437 954 542 ἐσχεδίαστσι,
973 434 1083 517 πάνθ’
1103 435 1208 516 ὅντιν’
1229 437 1291 515 οὖν

188 568 262 641 τῶν
280 565 329 645 ὡς
347 567 443 642 Θεοῦ
460 562 620 666 ῥήμασιν
638 566 760 650 αὐτοῖς,
774 562 1031 666 προσεχόντων
1049 560 1292 662 ὁμολογήσειν
1303 593 1333 628 10

150 687 355 790 rseiyoiium.
414 693 533 768 Τοῦτο
562 689 627 787 μέν
652 691 714 769 οῦν
740 696 884 792 πρῶτον
912 689 997 788 ἡμῖν
1024 694 1144 772 καλῶς
1171 687 1293 792 ἔδοξεν

189 811 493 912 ἐπισημήνασθαι,
520 821 730 895 καταλιπεῖν
761 848 801 894 τε
832 821 906 897 τοῖς
937 812 1195 918 ἐντυγχάνουσι
1225 811 1318 912 rivo

188 948 253 1020 τοῦ
272 939 480 1042 ζητηθέντος
497 941 628 1043 ἀκριβῆ
650 941 771 1019 λύσιν.
831 944 876 1019 Ei
902 939 939 1019 δέ
963 938 1033 1044 χρὴ
1057 943 1115 1018 καὶ
1136 941 1229 1039 ἡμᾶς
1250 938 1292 1018 τὸ

190 1064 348 1146 ἐπεισιδν
371 1065 422 1165 μή
447 1065 744 1172 ἀποκρύψασθαι,
771 1069 866 1171 φημὶ
892 1068 975 1146 καθ’
995 1066 1117 1167 ἑτέραν
1135 1064 1293 1176 διάνοιαν

191 1191 270 1290 ήτοι
294 1190 442 1297 ἐκδοχὴν
466 1190 530 1271 τὸν
555 1194 594 1270 ἐν
617 1197 664 1294 τῇ
687 1191 898 1296 προκειμένῃ
921 1197 1047 1297 γραφή
1073 1189 1314 1290 δηλούμενυνε

191 1317 344 1422 χριστὸν
361 1319 569 1418 ἡγούμενον,
588 1316 680 1398 κατὰ
698 1317 744 1396 τὰ
762 1317 834 1398 olori
857 1313 965 1422 ἐξόδου
988 1322 1095 1419 λόγου
1117 1319 1173 1396 τοῦ
1196 1323 1289 1397 ιἰπι-

192 1442 331 1553 ιιριθήναι
371 1452 430 1524 καὶ
470 1446 525 1522 τοῦ
561 1441 776 1547 ιῖιιιθιμήσιιι
806 1440 1025 1549 Ἰερουσαλήμ
1061 1439 1121 1528 ἕως
1157 1445 1294 1545 χριστοῦ

190 1569 379 1675 ήγιομένιυ,
400 1570 464 1648 οῦκ
482 1569 600 1649 ἄλλον
619 1565 706 1649 εἶναι
723 1577 789 1648 τοῦ
806 1565 1012 1670 καταλόγου
1030 1575 1103 1647 τῶν
1120 1566 1210 1667 μετὰ
1227 1567 1295 1666 τήν

189 1695 413 1801 προφητείαν
436 1697 495 1774 καὶ
516 1693 583 1795 τήν
607 1694 680 1774 ἀπὸ
706 1699 928 1790 Βαβυλῶνος
949 1693 1123 1773 ἐπάνοδον
1147 1694 1289 1795 ήγησο·

190 1820 306 1920 μένων
326 1828 390 1900 τοῦ
413 1828 505 1900 λαοῦ
529 1820 728 1924 ἀρχιερέων,
748 1820 810 1904 οῦς
826 1817 981 1927 χριττιῦς
1002 1819 1081 1902 ἐθος
1099 1822 1293 1900 ἀποκαλεῖν
1301 1815 1334 1927 {1⁰

153 1952 237 2050 serp
263 1952 403 2053 γραφῇ.
463 1943 611 2030 Μόνους
638 1945 710 2049 γὰρ
737 1947 884 2030 τούτους
916 1943 1199 2046 καθηγήσασθαι
1229 1952 1293 2024 τοῦ

190 2073 323 2170 ἔθνους,
341 2071 561 2179 ἀρξαμένους
579 2069 652 2153 ἀπὸ
669 2073 793 2170 Ἰησοῦ
811 2080 875 2151 τοῦ
893 2071 1070 2168 Ἰωσεδὲκ,
1088 2078 1152 2149 τοῦ
1178 2068 1294 2172 ἱερέως

190 2207 255 2279 τοῦ
280 2198 451 2300 μεγάλου,
472 2196 563 2298 μετὰ
592 2195 658 2297 τὴν
685 2196 757 2277 ἀπὸ
783 2203 1003 2292 Βαβυλῶνος
1031 2195 1213 2292 ἐπάνοδον,
1235 2199 1294 2276 καὶ

135 2316 140 2325 ’
191 2325 296 2428 μέχρι
314 2329 387 2404 τῶν
410 2323 551 2429 χρόνων
574 2327 640 2422 τής
658 2331 722 2403 τοῦ
748 2329 917 2427 Σωτῆρος
935 2325 1037 2423 ήμῶν
1054 2325 1178 2424 Ἰησοῦ
1197 2328 1316 2424 xpc-⁵

153 2457 286 2531 ωστοῦ
302 2449 502 2552 παρουσίας
519 2447 805 2556 παρειλήφαμεν.
845 2446 959 2548 Οἶμαι
977 2458 1067 2550 γοῦν
1083 2447 1146 2528 τὸν
1159 2446 1295 2554 μεταξύ

194 2573 324 2680 χρόνον
345 2579 409 2674 τῆς
426 2571 563 2654 τούτων
585 2577 822 2676 προστασίας,
842 2577 924 2656 καθ’
945 2573 986 2656 δν
1010 2573 1207 2676 ἡγήσαντο,
1226 2577 1290 2674 δη·

194 2705 350 2780 λοῦσθαι
377 2697 436 2778 διδ
463 2707 539 2797 τοῦ,
556 2700 628 2781 όπδ
657 2696 764 2808 ἐξόδου
787 2702 892 2802 λόγου
914 2703 969 2780 τοῦ
992 2696 1206 2806 arreptius
1231 2703 1292 2777 uni

654 2841 723 2916 1τῆς
735 2864 790 2902 om.
806 2846 834 2900 S.
1144 2841 1147 2848 ’

194 2969 264 3024 δυσ.
306 2965 416 3023 Deinde
441 2965 503 3022 aliie
528 2964 695 3039 quibusdam
719 2965 895 3041 interpositis
916 2965 1010 3032 rebus,
1033 2963 1216 3022 novissimam
1244 2963 1293 3020 ad-

191 3046 290 3122 jnnffl't
299 3045 345 3103 his
354 3045 457 3111 verbis,
468 3045 511 3102 Et
524 3045 693 3120 confimabit
705 3053 817 3119 pactum
831 3045 923 3103 multis
937 3045 1100 3104 hebdomoda
1114 3055 1176 3102 una:
1208 3045 1295 3112 Quod

194 3134 291 3184 sutem
304 3124 366 3182 haee
379 3144 438 3182 non
451 3125 558 3182 frustra
569 3144 661 3200 neque
672 3125 778 3200 absque
788 3125 884 3183 divino
898 3127 994 3184 afflatu
1004 3133 1111 3184 temere
1125 3125 1214 3184 effusa
1228 3125 1293 3190 sint,

194 3225 293 3264 eornm
315 3205 363 3281 qui
382 3206 444 3263 haec
463 3213 599 3280 tunquam
617 3205 675 3263 Dei
694 3207 781 3263 verba
801 3206 960 3281 acceperint
980 3215 1151 3282 negaturum
1172 3206 1295 3264 arbitror

193 3286 347 3344 neminem.
391 3287 456 3344 Hoc
476 3286 564 3362 igitur
584 3287 706 3360 primum
727 3287 876 3344 commode
896 3288 980 3345 nobie
993 3288 1085 3344 visum
1104 3295 1148 3344 est
1164 3286 1294 3344 adnotari

194 3377 337 3444 oportere,
351 3366 568 3442 legentibusque
581 3375 614 3425 ut
626 3368 744 3442 hujusce
763 3367 927 3441 quaestionis
940 3366 1110 3440 exquisitam
1123 3366 1294 3424 solutionem

193 3447 340 3504 inveniant
359 3446 454 3504 locum
475 3447 641 3522 relinquere.
694 3444 834 3504 Attamen
854 3447 878 3503 si
902 3465 938 3504 ne
959 3464 1013 3503 nos
1033 3446 1147 3521 quidem
1168 3445 1244 3519 quod
1265 3444 1295 3501 in

195 3536 321 3585 mentem
342 3526 420 3585 venit
440 3529 582 3586 occultare
603 3534 725 3602 oportet,
747 3526 811 3584 dieo
833 3526 888 3583 ulio
909 3527 1031 3601 quodam
1053 3543 1137 3582 senen
1156 3525 1295 3582 christum

195 3609 307 3677 ducem,
327 3607 375 3682 qui
395 3607 426 3665 in
446 3609 576 3683 proxime
598 3605 727 3682 exposita
750 3605 888 3681 scriptura
911 3606 1087 3681 significetur
1107 3622 1170 3662 esse
1190 3603 1293 3679 accipi·

195 3689 310 3754 endum,
334 3687 363 3744 in
385 3687 440 3744 illis
460 3689 556 3764 utique
576 3687 679 3752 verbis,
702 3685 746 3744 Ab
765 3689 840 3742 exitu
858 3690 986 3744 τιτοιοοὶς
1005 3693 1035 3742 ut
1055 3684 1248 3759 respondeatur
1268 3693 1296 3741 et

195 3769 342 3840 edificetur
354 3767 531 3826 Hierusalem
545 3786 629 3841 urqioe
646 3770 683 3823 αθ
699 3767 831 3824 christum
845 3769 949 3835 ducem,
965 3766 1088 3840 nihilque
1102 3764 1178 3822 alind
1191 3763 1294 3821 intelli-

196 3849 323 3924 gendum
347 3867 432 3923 quam
455 3849 555 3906 seriem
578 3847 842 3923 successionemque
862 3848 1037 3923 pontificum,
1063 3845 1111 3920 qui
1131 3843 1296 3918 postillam

196 3929 287 4002 ipsam
313 3928 493 4004 prophetiam
520 3929 697 4003 reditumque
721 3929 756 3984 de
781 3928 928 4004 Babylone
952 3927 1057 4001 populo
1080 3925 1202 3982 ludaico
1222 3943 1295 4000 proe·

196 4007 313 4075 fuerint,
335 4027 406 4084 qnos
428 4009 543 4065 ebrietes
566 4009 713 4065 nominare
738 4027 825 4065 eaerae
851 4008 942 4066 literae
968 4013 1185 4065 consueverunt.
1230 4005 1295 4064 Hos

196 4089 272 4146 enim
296 4089 445 4147 duratam
466 4089 547 4164 genti
570 4087 724 4163 prefuisse.
738 4087 820 4145 initio
844 4088 920 4145 facto
944 4088 981 4145 ab
1002 4087 1124 4146 Josedee
1146 4085 1295 4144 sacerdote

197 4187 313 4244 magno,
327 4178 393 4245 post
406 4170 528 4227 reditum
544 4170 579 4227 de
595 4168 741 4245 Bnbylone
752 4187 841 4243 usque
855 4168 891 4226 ad
902 4177 1031 4243 tempora
1043 4169 1182 4226 adventus
1196 4165 1295 4225 Salva·

195 4251 268 4307 toris
285 4251 376 4308 nostri
390 4251 559 4325 aooepimus.
600 4249 733 4308 Arbitror
745 4248 833 4326 igitur
846 4248 1044 4306 intermedium
1059 4256 1171 4322 tempus
1185 4264 1243 4320 qno
1256 4245 1298 4302 illi

197 4329 370 4404 praeiuerunt
389 4331 542 4406 significari
562 4330 617 4388 illis
632 4330 733 4396 verbis,
747 4331 791 4387 Ab
812 4331 886 4388 exitu
903 4331 1035 4386 ammonia
1054 4337 1084 4385 ut
1105 4327 1297 4400 respondeatur

735 4425 806 4482 uls
