3120 4716
4 253 6 258 ’
67 279 195 362 -4⁶9·
485 280 713 348 uuuousu.
738 283 908 348 avana.
935 286 980 347 x.
1000 305 1026 347 1.
1247 289 1312 350 oss

205 444 314 530 αὐτοῦ,
342 445 527 544 συνήγαγεν
555 449 694 548 ἀνομίαι
723 447 840 553 ἐαυτῷ.
899 446 1124 551 Ἐξεπορεείετο
1155 448 1227 552 ἔξω,
1251 457 1426 539 antip-4⁶9

205 565 323 644 ἑλοίλει
357 569 412 645 s'rri
447 571 481 646 rb
523 573 615 648 αὐτί.
678 578 762 649 Κατ’
796 573 875 671 iperii
907 569 1089 678 ἐκδιδίριζον
1122 572 1249 659 ποίντες
1284 585 1311 653 οἱ

166 731 197 778 30
205 688 312 795 ἐχθροί
326 727 401 795 μου.
440 695 487 771 'O
507 702 594 793 γοῦν
614 693 819 798 Σύμμαχος,
840 699 1072 801 εἷσερχίμενος,
1091 701 1216 801 φησὶν,
1236 700 1311 778 ἐπι-

206 815 394 912 τιιοπῆτοιι,
412 816 554 921 piram
572 819 691 899 ἑλοίλει
711 825 728 913 ἡ
749 817 877 926 καρδία
897 824 1006 918 αὐτοῦ,
1027 821 1157 930 ἤθροιζεν
1175 820 1333 906 οἰδικίανε

206 943 315 1054 ἑαυτῇ·
346 943 549 1049 ἒξερχίμενος
578 941 614 1024 δὲ
640 945 701 1050 ἔξω
723 947 921 1027 κατελοίλει.
972 945 1208 1052 Ὀμοθυμοιδυν
1227 947 1310 1056 ἑψι-

205 1065 319 1173 θίριζον
339 1073 418 1147 κατ’
436 1069 515 1172 ἐμοῦ
533 1069 656 1154 ποίντεε
677 1081 703 1150 oi
722 1067 890 1175 μιτοῧντίε
908 1107 963 1177 με.
1018 1072 1142 1155 Μόνος
1163 1073 1228 1169 μὲν
1247 1075 1310 1152 οὖν

205 1196 252 1276 be
276 1191 320 1272 ἂν
338 1193 515 1294 γνώριμος
534 1199 590 1273 καὶ
617 1196 778 1294 μαθητὴς
803 1194 903 1298 παρὰ
927 1197 1148 1276 διδάσκαλον
1177 1197 1307 1293 εἰσιὼν,

203 1317 426 1420 περιεσκόπει
463 1324 521 1397 καὶ
558 1319 827 1418 κατεμάνθανεν,
861 1321 962 1400 ε”νδον
993 1324 1050 1400 ε’πὶ
1086 1327 1149 1418 τῆς
1184 1324 1308 1401 ἑαυτοῦ

165 1485 192 1534 3¹
204 1443 348 1544 καρδίας·
366 1444 532 1544 κρύπτων
550 1444 615 1542 τὴν
633 1446 840 1542 ἐπιβουλήν.
875 1444 1007 1550 Ἐξιὼν
1026 1444 1073 1540 δὲ,
1091 1444 1182 1541 μετὰ
1199 1457 1300 1524 πλει-
1316 1444 1349 1554 {3⁰

204 1566 295 1648 όνων
310 1568 536 1666 ὁμοθυμαδὸν
551 1573 608 1648 καὶ
627 1573 684 1649 ἐπὶ
703 1569 745 1649 τὸ
764 1569 850 1648 αὐτὸ
868 1568 1068 1666 κατελάλει,
1080 1577 1152 1653 τοῖς
1169 1573 1307 1674 ἐχθροῖς

202 1692 390 1796 προδιδοὺς
424 1692 488 1772 τὸν
526 1699 687 1796 Σωτῆρα,
718 1699 775 1774 καὶ
814 1694 1099 1792 συνταττόμενος
1128 1701 1202 1777 τοῖς
1235 1701 1307 1774 τῶν

202 1819 382 1897 Ἰουδαίων
400 1819 554 1920 ἄρχουσι
574 1819 778 1918 λεληθότως·
795 1824 876 1921 περὶ
894 1821 1032 1920 ἑτέρων,
1052 1822 1093 1899 οὐ
1110 1817 1182 1917 μὴν
1206 1819 1307 1898 ἀλλὰ

204 1947 262 2022 καὶ
285 1945 367 2045 περὶ
390 1951 462 2022 τῶν
481 1944 683 2046 χρημάτων,
702 1947 758 2048 ἐφ’
779 1944 830 2027 οἷς
848 1945 1076 2046 παραδώσειν
1102 1941 1209 2022 αι’πὸν
1235 1946 1328 2022 tior-5

204 2076 371 2172 ισχνεῖτο,
395 2075 476 2170 περὶ
504 2065 554 2147 ὧν
580 2071 654 2165 μετ’
676 2071 792 2147 αι’πῶν
819 2071 958 2147 ἐκείνων
988 2067 1177 2174 ἐψιθύριζε.
1238 2065 1307 2150 Διό

204 2198 328 2297 φησιν,
349 2193 545 2299 ἐξεπορεύετο
572 2194 644 2299 ἔξω,
671 2201 730 2273 καὶ
756 2195 897 2274 0ε’λοίλει
926 2196 980 2272 ἐπὶ
1006 2194 1040 2273 rb
1066 2195 1161 2272 αὐτί.
1222 2208 1306 2270 Κατ’

204 2321 281 2423 iperii
308 2314 487 2424 ἑψιδείριζοι
510 2318 636 2402 πάντες
656 2329 683 2397 οἱ
703 2319 808 2422 ἐχθροί
824 2356 902 2421 μου,
925 2327 998 2432 κατ’
1020 2321 1099 2422 ἑμοῧ
1122 2319 1306 2424 ἐλογίζοντο

62 2481 66 2506 ³
164 2443 306 2539 μκοιιιοί
323 2479 392 2546 μοι.
434 2445 539 2543 Λίγον
558 2442 748 2546 παράνομοι
769 2443 937 2524 κατέθεντο
960 2448 1034 2523 κατ’
1056 2445 1146 2545 ἐμοῦ.
1182 2440 1363 2522 Ἔοικειο

204 2567 241 2646 δὲ
259 2567 324 2664 τὴν
337 2566 521 2666 συνταγὴν
534 2567 600 2665 τὴν
618 2575 698 2668 περὶ
717 2577 789 2647 τῶν
807 2569 984 2670 ἀργυρίων
999 2571 1099 2666 λέγον
1112 2567 1340 2672 παράνομοιο-

203 2691 262 2771 διὰ
293 2696 354 2789 τῆς
387 2694 606 2796 προφητείας
639 2693 829 2794 ὀνομάζειν,
860 2691 883 2790 ἢ
917 2695 973 2770 καὶ
1007 2690 1060 2768 ὅτι
1095 2695 1213 2788 ἀσεβῆ
1246 2696 1304 2770 καὶ
1365 2707 1367 2712 ’

676 2877 786 2946 θίλιίλη
802 2877 830 2930 S.

204 3043 275 3080 oona
297 3023 458 3097 loquebatur
475 3043 521 3080 cor
539 3023 604 3096 ερίιε,
621 3027 792 3100 congrepnuit
814 3027 981 3100 iniquitatem
1002 3026 1062 3082 sibi.
1105 3023 1305 3096 Egrediebatur

194 3105 288 3179 soros,
303 3113 328 3159 et
344 3105 504 3176 loquebatur
518 3107 546 3161 in
560 3108 589 3161 iri
602 3109 698 3179 ἱρευιιι.
735 3107 837 3162 Contra
851 3125 893 3162 me
906 3106 1084 3163 susurrabant
1100 3121 1187 3160 ουυιει
1201 3103 1305 3158 inimici

203 3185 266 3240 rrrei.
295 3183 484 3258 Symmachus
498 3193 604 3249 sutem,
619 3186 785 3258 Ingrediens,
798 3185 899 3259 inquit,
912 3193 942 3242 ut
957 3186 1109 3257 inspiceret,
1124 3201 1196 3240 uano
1212 3185 1304 3256 toque.

204 3263 283 3319 bntur
303 3281 348 3319 eor
365 3260 432 3334 ejus,
454 3264 634 3338 congregabat
655 3266 816 3336 injustitiam
837 3264 896 3321 sibi.
941 3265 1091 3337 Egrediens
1115 3270 1205 3318 autem
1219 3262 1305 3334 foras

205 3343 404 3416 obloquebatur.
449 3343 509 3400 Uno
523 3347 613 3399 animo
631 3343 812 3399 susurrabant
833 3351 927 3398 contro
949 3361 992 3398 nte
1010 3361 1100 3398 ornnes
1121 3342 1168 3412 qui
1188 3342 1304 3396 oderunt

204 3439 254 3478 me.
297 3421 380 3478 Solus
394 3421 482 3496 igitur
495 3430 630 3496 tanquam
643 3421 788 3479 familiaris
803 3429 831 3478 et
846 3421 997 3495 discipulus
1016 3421 1160 3495 ingressus
1184 3419 1303 3474 circum·

204 3500 339 3575 spiciebat
350 3511 378 3559 et
389 3502 555 3576 explorabat
563 3503 649 3565 intus,
661 3501 776 3557 insidias
787 3501 815 3556 in
827 3501 912 3556 corde
924 3519 975 3557 suo
986 3501 1139 3556 occultans.
1160 3499 1304 3570 Egressus

204 3590 298 3638 autem
313 3599 377 3637 oum
393 3582 519 3654 pluribus
538 3600 596 3637 uno
616 3581 710 3638 animo
732 3589 760 3636 et
781 3581 810 3635 in
831 3579 907 3636 idem
922 3579 1135 3653 obloquebatur,
1150 3578 1218 3633 dum
1240 3575 1303 3632 Sal-

203 3670 330 3716 vatorem
353 3661 473 3716 inimicis
487 3660 626 3728 tradebat,
643 3669 672 3716 et
689 3661 810 3716 latenter
831 3659 1025 3733 paciscebatur
1046 3677 1111 3714 cum
1132 3655 1305 3730 principibus

203 3739 366 3795 Judaeorum
389 3759 476 3813 quum
498 3741 533 3795 de
554 3739 615 3795 aliis
636 3735 728 3806 rebus,
744 3748 805 3795 tum
820 3757 887 3795 vero
902 3739 987 3796 etiam
1009 3737 1045 3794 de
1059 3736 1179 3811 pecunia
1197 3754 1252 3809 qus
1273 3753 1304 3792 se

204 3819 371 3874 traditurum
386 3819 464 3875 illum
476 3819 667 3892 promittebat,
677 3827 706 3876 et
717 3819 751 3876 de
764 3839 819 3893 qua
832 3838 888 3876 una
898 3837 963 3875 cum
977 3817 1045 3890 ipsis
1059 3816 1115 3872 illis
1130 3815 1302 3872 susurrabat.

204 3897 249 3953 Ex
264 3917 319 3971 quo
338 3899 394 3954 ait:
417 3900 568 3972 epreriietur
582 3899 674 3973 foras,
698 3907 724 3954 et
747 3899 905 3972 loquebatur
927 3901 954 3954 in
977 3897 1006 3952 ta
1026 3900 1123 3970 ipsum.
1168 3895 1304 3951 Autumno

203 3995 246 4032 nte
268 3979 449 4034 susurrabant
471 3997 560 4034 οιιιαεε
584 3981 684 4034 inimici
706 3981 767 4034 mei.
810 3981 959 4034 Adversum
986 3995 1029 4032 nne
1052 3975 1209 4048 copitobnnt
1230 3973 1304 4030 ναοῖο

205 4057 279 4112 inibi.
326 4057 441 4113 Verbum
460 4061 582 4130 iniquum
604 4059 800 4114 constituerunt
822 4060 961 4114 υάοετειιιιι
980 4073 1031 4111 rne.
1074 4055 1196 4110 Videtur
1209 4063 1304 4110 sutem

204 4137 362 4208 pactionem
388 4138 423 4192 de
446 4139 588 4211 argenteis
610 4140 718 4194 uerbum
733 4139 855 4209 iniquum
877 4135 1041 4209 prophetice
1066 4134 1230 4190 nominare:
1253 4141 1304 4188 aut

205 4216 289 4271 etiam
304 4217 344 4271 ita
358 4217 436 4280 dicit,
451 4226 599 4289 propterea
621 4219 696 4291 quod
711 4216 816 4273 nefaria
830 4224 858 4271 et
873 4215 968 4288 iniqua
982 4214 1116 4271 adversus
1130 4213 1208 4268 illum
1223 4212 1302 4285 eogi-

205 4294 312 4360 tnbant,
329 4304 426 4370 utpote
448 4297 494 4370 qui
519 4297 597 4352 illum
620 4295 843 4370 extinguendum
866 4304 894 4350 et
915 4303 980 4367 post
1001 4313 1100 4350 necem
1124 4291 1303 4352 abolendum,
