3130 4722
68 285 209 352 -374
453 273 682 340 DEMONST.
707 276 876 345 EVANG.
902 280 999 344 VIII.
1019 302 1045 345 1.
1260 283 1325 348 743

178 465 306 530 ιιγων,
341 433 378 512 ἐκ
413 436 572 526 βλαστοῦ
605 438 656 516 υἱέ
682 474 748 537 μου
786 437 916 531 ιἰνίβης.
976 437 1031 518 Ti>
1066 439 1113 536 δὲ,
1147 438 1325 520 ιἰναπεσίνν

219 557 389 662 ἐκοιμήθης
417 563 462 644 ὡς
489 559 583 650 λέων,
611 570 671 641 καὶ
701 568 742 648 ὡς
774 563 920 670 σνιιίρινος
949 563 1089 655 λεόντος,
1121 564 1163 644 τὸ
1190 575 1325 667 γαῦρον

220 684 310 780 ὁμοῦ
328 687 386 761 καὶ
404 685 610 786 θαρσαλίον
628 692 686 766 καὶ
706 688 748 767 τὸ
765 696 838 768 τῶν
853 689 984 795 ε”ξωθεν
1002 688 1173 770 ἐπιόντων
1192 691 1365 770 &rard-10

219 819 382 908 πληκτον
400 810 443 889 τό
461 845 500 890 τε
526 813 670 918 ἄφοβον
688 825 744 893 καὶ
764 821 837 893 τῶν
854 817 994 918 ἐχθρῶν
1018 815 1325 922 καταφρονητικὸν

219 937 434 1038 παρίστησι.
493 945 668 1019 Τοιοῦτον
686 939 724 1019 δὲ
744 941 852 1020 αὐτὸν
870 941 968 1040 ὅντα,
986 950 1131 1038 μᾶλλον
1150 943 1189 1023 δὲ
1206 944 1355 1024 rotati-d

160 1135 164 1146 .
220 1096 288 1160 την
308 1063 423 1143 οὖσαν
449 1062 515 1163 τὴν
543 1064 675 1170 φυλὴν,
703 1067 766 1162 τίς,
795 1070 921 1171 φησὶν,
950 1068 1175 1168 ἀναστήσεις
1211 1071 1325 1171 μέγαν

220 1187 299 1268 τινὰ
313 1193 372 1268 καὶ
386 1190 596 1290 θαυμαστὸν
609 1189 764 1272 σπάνιόν
777 1226 816 1271 τε
835 1196 893 1272 καὶ
913 1194 1160 1296 δυσθεώρητον
1175 1195 1324 1276 ἔσεσθαι
1373 1297 1375 1300 ¹

220 1314 285 1394 τὸν
301 1316 486 1416 μέλλοντα
514 1316 733 1417 ἀναστήσειν
759 1327 823 1398 τοῦ
850 1318 979 1421 θρόνου
1005 1324 1062 1398 καὶ
1081 1322 1324 1421 μεταστήσειν

221 1452 285 1522 τοῦ
311 1447 458 1548 ἀρχικοῦ
484 1445 685 1550 ἀξιώματος·
703 1443 769 1542 τὴν
794 1450 1020 1543 δηλωθεῖσαν
1039 1445 1161 1550 φυλὴν
1181 1448 1347 1553 αἰνιξά-5

174 1610 209 1655 42
221 1601 336 1663 μενοι.
369 1571 435 1652 Τίς
454 1569 493 1648 δὲ
511 1570 580 1671 οίρα
599 1569 702 1651 οὗτοι·
720 1568 774 1668 ἦν,
790 1570 873 1674 ἑξῆς
891 1571 983 1668 ἡμᾶς
1001 1572 1323 1675 ἐφίστησι,ποῦτον

219 1691 307 1773 εἶναι
333 1695 513 1774 διδάσκων
541 1695 604 1774 τὸν
631 1695 815 1793 μέλλοντα
839 1697 1060 1796 προσδοκίαν
1082 1696 1232 1776 ἔσεσθαι
1251 1706 1323 1778 τῶν

219 1821 341 1916 ἐθνῶν,
360 1819 399 1904 δν
423 1823 465 1899 ου’
489 1821 663 1924 πρότερον
683 1819 913 1925 φανήσεσθαι
937 1825 975 1900 ἐν
999 1822 1240 1924 ἀνθρώποιοῆ
1266 1827 1321 1902 ε’κ-

221 1945 355 2026 λείπειν
372 1949 454 2024 0καὶ
478 1946 646 2051 ἄρχοντα,
665 1950 723 2026 καὶ
750 1947 946 2048 ἡγούμενον
966 1949 1363 2048 μετασταθήσεσθαι,ιι

222 2075 301 2150 teat
324 2071 650 2171 ἀπαναστήσεσθαι
672 2078 736 2172 τῆς
762 2075 875 2176 ἀρχῆς·
896 2071 963 2172 τὴν
981 2082 1045 2153 τοῦ
1063 2075 1181 2154 Ἰούδα
1200 2076 1321 2180 φυλήν

177 2198 492 2304 ηηπροφητειίεται.
551 2200 619 2282 Τίς
640 2201 670 2278 δ’
691 2199 793 2282 οὗτοι
809 2197 864 2297 ἦν,
882 2197 906 2298 ἢ
926 2202 945 2277 ὁ
966 2197 1092 2302 Σωτὴρ
1110 2202 1169 2278 καὶ
1189 2201 1361 2304 Κιίριοςρ.
1370 2229 1437 2299 374

220 2323 322 2421 ἡμῶν
338 2325 481 2421 Ἰησοῦν
505 2325 545 2402 ‘¹5
571 2324 757 2426 Χριστόν;
789 2325 832 2404 οὗ
858 2327 915 2405 ἐπὶ
939 2329 1003 2424 τῆς
1022 2326 1219 2426 ’γενέσεωη
1238 2331 1321 2405 οἱκο-

221 2450 361 2534 λοιίθως
378 2452 650 2556 τῇπροκειμίνῃ
667 2451 875 2555 προρρήσει,
891 2451 1057 2558 ἐξέλιπον
1072 2452 1137 2552 μὲν
1152 2454 1321 2557 ἄρχοντες

221 2575 280 2651 καὶ
308 2573 496 2674 ἡγούμενοι
520 2577 565 2681 ἐξ
589 2579 706 2656 αὐτῶν
723 2579 903 2657 Ἰουδαίων
931 2581 988 2658 ἐπὶ
1011 2575 1054 2656 τὸ
1078 2578 1180 2661 ἔθνος
1205 2580 1344 2659 αὐτῶνε

262 2762 277 2794 ⁰
291 2755 332 2808 aui
344 2756 405 2809 add.
422 2757 452 2810 Ρ.
589 2765 605 2810 Ρ
619 2757 660 2810 καὶ
673 2755 904 2826 ἆπαναστήσεσθοι
919 2774 972 2811 om.
989 2757 1018 2811 S.
1163 2758 1273 2812 (idom.
1290 2758 1318 2813 S.

222 2837 367 2905 Ι’γνίισειυν
380 2837 423 2891 ed.
439 2837 535 2908 steph.

220 2968 340 3027 hictum
363 2971 475 3046 generis
496 2969 635 3045 princeps,
650 2979 712 3028 tum
729 2971 814 3028 etiam
831 2972 972 3046 propbeta
988 2971 1107 3046 hujusce
1121 2971 1211 3028 tribus
1225 2969 1319 3045 digni-

219 3058 316 3116 tatem,
331 3051 462 3126 adjungit
476 3051 551 3125 quod
570 3052 704 3126 nequitur,
722 3053 769 3107 De
786 3055 909 3127 genuine
925 3053 975 3129 fili
996 3055 1032 3108 mi
1053 3055 1203 3109 οιοενιθὶειί,
1246 3051 1321 3108 IIIud

220 3139 324 3199 autem,
353 3132 519 3188 accumbens
540 3133 690 3188 dormivisti
714 3139 743 3187 ut
770 3133 820 3198 leo,
844 3140 869 3188 et
891 3140 922 3188 ut
947 3134 1064 3190 εαιυίνιι·
1078 3134 1171 3198 leona,
1191 3133 1319 3207 ejusdem

220 3210 309 3268 tribua
329 3211 512 3286 magnificum
536 3211 623 3268 animi
642 3211 789 3286 ingenium
811 3220 840 3268 et
861 3213 1007 3270 confidens
1032 3215 1166 3279 ostendit,
1189 3213 1320 3288 quodque

220 3291 303 3348 nullia
316 3292 492 3348 extrinsecus
505 3291 703 3366 Ingruentibus
717 3293 801 3348 rebus
821 3292 1008 3360 concutiatur,
1023 3302 1052 3349 et
1066 3294 1142 3368 quod
1155 3302 1216 3349 turn
1230 3293 1318 3350 intre-

220 3371 316 3445 pidum
331 3390 361 3428 ee
376 3371 509 3446 prebeat,
524 3380 585 3428 tum
600 3371 774 3445 contemptui
788 3371 892 3429 habeat
906 3373 1044 3429 inimicos.
1089 3373 1171 3428 Illum
1182 3391 1250 3429 vero
1264 3372 1321 3430 hoc

220 3452 306 3508 modo
320 3470 351 3508 ee
364 3451 527 3516 habentem,
540 3471 573 3508 ac
586 3452 681 3526 potius
695 3452 786 3526 ipsam
800 3451 906 3509 tribum
924 3471 985 3527 quae
1006 3452 1169 3526 hujusmodi
1187 3451 1232 3513 eit,
1247 3451 1318 3525 quis,

221 3530 322 3605 iuquit,
345 3532 500 3588 excitabit?
522 3533 569 3589 ubi
594 3551 680 3606 quum
702 3551 839 3607 maguum
864 3533 1005 3607 quendam
1027 3541 1056 3588 et
1074 3530 1269 3588 admirabilem
1291 3539 1321 3586 et

221 3630 316 3669 rarum
337 3620 367 3668 et
385 3621 514 3687 spectatu
533 3611 674 3669 difficilem
693 3612 754 3669 sore
769 3612 970 3687 significaverit
984 3630 1060 3676 eum,
1075 3611 1123 3684 qui
1137 3611 1174 3667 sit
1188 3609 1319 3684 hujusce·

222 3693 298 3748 modi
311 3693 417 3749 tribum
432 3692 467 3748 de
482 3693 548 3749 aede
563 3693 745 3757 excitaturus,
762 3693 852 3767 deque
872 3693 1045 3767 principatus
1063 3690 1154 3766 gradu
1171 3708 1204 3746 ac
1225 3689 1318 3764 digui-

221 3779 280 3828 tate
294 3774 503 3840 exturbaturua,
518 3781 579 3830 tum
594 3773 707 3829 demum
723 3773 852 3847 quisnam
868 3773 916 3830 hic
934 3772 971 3828 sit
989 3789 1042 3828 noa
1063 3770 1206 3835 admonet,
1222 3770 1319 3826 docet·

222 3870 276 3925 que
289 3853 366 3909 hunc
379 3852 458 3908 illum
473 3871 545 3917 ease,
559 3855 608 3927 qui
622 3853 782 3927 expectatio
797 3851 925 3928 gentium
940 3853 977 3908 ait
990 3852 1111 3914 futurus,
1127 3851 1174 3924 qui
1187 3849 1320 3907 videlicet

222 3951 240 3987 a
259 3933 397 4007 propheta
418 3951 475 3989 uon
496 3933 573 4007 priua
594 3932 669 3989 iuter
690 3932 820 3990 homiues
842 3933 979 3989 videndus
999 3929 1169 4005 praedicitur,
1185 3949 1269 4005 quam
1290 3939 1320 3988 et

221 4013 352 4086 priacepe
376 4013 498 4078 deficiat,
521 4020 550 4070 et
574 4014 632 4070 dux
654 4020 828 4076 amoveatur,
853 4013 941 4069 etde
967 4011 1127 4085 principatu
1154 4011 1320 4069 exturbetur

222 4092 312 4148 tn'bua
325 4093 410 4150 Juda.
454 4093 606 4158 Caeterum,
622 4093 751 4167 quisnam
766 4110 861 4166 quaeeo
876 4093 947 4148 alius
960 4091 1007 4147 hic
1022 4092 1067 4156 eit,
1083 4109 1167 4165 quam
1189 4091 1320 4151 Salvator

222 4181 252 4228 et
267 4172 406 4230 Dominus
420 4183 517 4230 noster
530 4175 615 4231 Jeaue
630 4172 784 4229 Christus?
807 4171 835 4226 in
856 4171 937 4245 cujua
955 4181 1028 4236 ortu,
1043 4171 1115 4228 sicut
1129 4173 1258 4249 proxime
1272 4191 1319 4228 ex·

223 4253 315 4326 posita
334 4253 485 4328 prophetia
498 4254 619 4318 volebat,
635 4270 670 4309 ex
684 4252 792 4309 Jadaeis
813 4251 927 4326 quidem
947 4252 1112 4310 defecerunt
1125 4253 1266 4326 principes
1287 4269 1321 4306 ac
